2500 3890
138 173 202 237 202
393 191 428 226 ns
448 191 572 228 ruentem
591 190 709 227 murone
726 175 775 241 IV,
795 177 834 228 18.

137 340 216 401 runt,
238 332 324 404 capite
339 333 489 404 puniuntur
503 331 648 388 secuudum
664 339 772 386 nostrae
792 321 1010 386 constitutionis¹
1025 327 1090 385 deli·

105 428 120 476 9
138 416 283 485 uiliorem,
304 431 336 471 er
352 431 403 488 quo
417 416 483 472 haec
498 417 616 489 apertius
636 413 764 488 possibile
785 421 828 470 cst
841 415 919 470 scire.
957 414 1011 469 Lex
1025 412 1090 470 iulia

139 499 279 572 peculatus
294 514 342 554 eos
357 501 444 571 punit,
460 501 506 571 qui
521 500 658 572 pecuniam
670 498 711 554 vel
723 514 779 552 rem
794 496 924 570 publicam
936 497 979 552 vel
989 513 1091 554 sacram

95 651 96 654 Ἴ
138 581 181 638 vel
196 582 348 656 religiosam
362 581 445 638 furati
465 582 573 638 luerint.
610 581 657 637 sed
677 583 699 637 si
721 581 827 653 quidem
842 582 892 653 ipsi
907 580 1008 636 iudices
1023 589 1090 636 tem·

138 682 204 738 pore
219 665 456 722 administrationis
476 665 595 739 publicas
615 667 741 738 pecunias
756 663 965 734 subtraxerunt,
986 663 1091 737 capitali

139 748 365 804 animadversione
386 751 550 823 puniuntur,
573 758 600 804 et
622 766 675 804 uou
699 749 786 804 solum
807 748 850 819 iri,
872 747 921 802 sed
943 751 1022 802 etiam
1045 749 1091 820 qui

139 833 317 888 ministerium
338 834 376 888 eis
396 832 428 888 ad
450 833 501 889 hoc
522 831 700 888 adhibuerunt
719 831 762 886 vel
782 833 827 903 qui
843 829 977 886 subtracta
997 829 1029 886 ab
1046 831 1091 886 -his

139 917 256 972 scientes
270 923 462 988 susceperunt:
484 915 528 972 alli
544 931 621 984 vero,
644 917 690 987 qui
710 916 737 970 iu
752 915 821 970 hanc
836 915 923 988 legem
938 914 1090 985 inciderint,

92 1007 122 1054 to
139 1015 242 1072 pocuae
257 999 450 1072 deportationis
465 994 666 1074 subiugantur.²
696 997 742 1054 Est
757 991 805 1054 et³
818 999 888 1054 iuter
903 997 1008 1071 publica
1023 997 1091 1053 iudi·

140 1084 179 1138 cie
193 1083 236 1138 lex
257 1082 335 1138 Fabia
355 1083 388 1138 de
408 1083 560 1158 plagiariis,
582 1099 650 1156 quae
670 1083 805 1138 interdum
820 1083 914 1155 capitis
929 1097 1042 1155 poenam
1059 1097 1091 1136 ex

91 1173 121 1221 11
140 1167 222 1221 sacris
235 1166 472 1223 constitutionibus
488 1169 602 1240 irrogat,
617 1167 750 1224 interdum
767 1166 902 1221 leviorem.
930 1164 1000 1221 Sunt
1013 1181 1090 1238 prae-

139 1258 212 1306 terea
232 1249 336 1323 publica
357 1250 452 1306 iudicia
467 1251 509 1306 lert
524 1250 588 1304 lulla
605 1249 718 1306 ambitus
740 1258 767 1305 et
788 1249 831 1304 lex
845 1249 909 1304 lulia
930 1249 1090 1322 repetunda-

138 1349 198 1387 rum
219 1340 248 1388 et
267 1333 308 1389 lex
323 1332 387 1388 lulla
408 1333 440 1388 de
462 1349 566 1389 auuoua
587 1342 615 1389 et
634 1333 676 1389 lex
690 1333 754 1388 lulia
775 1332 808 1388 de
822 1332 952 1404 residuis,
975 1349 1042 1404 quae
1058 1332 1090 1388 de

139 1417 220 1472 certis
243 1415 364 1490 capitulis
387 1417 536 1490 loquuntur
557 1424 584 1472 et
607 1419 708 1472 animae
730 1417 836 1488 quidem
852 1417 1021 1472 amissionem
1036 1432 1091 1470 non

140 1501 269 1572 irrogant,
284 1500 342 1556 aliis
357 1508 446 1556 autem
458 1502 553 1574 poenis
565 1516 612 1556 eos
622 1500 767 1570 subiciunt,
784 1501 829 1572 qui
844 1509 986 1573 praecepta
1001 1515 1091 1554 eurum

139 1583 315 1656 neglexerint.

91 1673 121 1720 12
202 1667 254 1722 Sed
270 1667 301 1722 de
317 1666 429 1740 puhlicis
449 1667 553 1723 iudiciis
573 1667 640 1722 haec
660 1669 846 1740 exposuimus,
871 1674 901 1721 ut
914 1665 990 1722 robis
1004 1666 1090 1738 possi·

140 1747 192 1804 bile
207 1752 242 1804 sit
257 1767 359 1805 summo
375 1751 461 1823 digito
482 1759 510 1806 et
525 1751 600 1822 quasi
614 1767 662 1824 per
676 1751 790 1806 indicem
805 1767 835 1806 ea
849 1751 981 1823 tetigisse.
1025 1749 1089 1804 alio·
1104 1789 1105 1792 ,

140 1833 203 1904 quin
219 1833 374 1905 diligentior
394 1849 486 1888 eorum
502 1835 612 1888 scientia
628 1833 702 1888 vobis
722 1850 754 1888 ex
769 1832 908 1889 latioribus
924 1832 1090 1906 digestorum

139 1916 193 1970 sive
208 1916 396 1988 pandectarum
412 1914 486 1971 libris
502 1916 552 1971 deo
567 1917 686 1990 propitio
701 1916 846 1972 adventura
861 1925 911 1972 est.

138 2070 336 2078 -—

207 2157 227 2220 ¹)
247 2161 277 2215 L.
292 2163 315 2210 1.
328 2162 355 2211 0.
375 2163 407 2212 de
424 2169 501 2224 rupto
518 2163 582 2226 virg.
601 2159 702 2226 (9,13).
771 2160 792 2224 ²)
809 2164 953 2226 proesentis
970 2164 1090 2226 temporie

138 2229 297 2276 indicativum
313 2230 409 2278 modum
427 2228 501 2278 labet
517 2229 626 2292 Tlteoplr.
644 2231 717 2280 codd.
736 2231 803 2280 inter
821 2229 1010 2294 subiugeutur‚
1029 2228 1091 2278 sub-

138 2294 267 2356 iguntur,
294 2295 488 2357 subiunguntur
513 2295 630 2344 titubant.
736 2293 759 2362 Β)
779 2299 896 2362 plerique
919 2299 991 2346 codd.
1014 2295 1090 2360 infer.

143 2361 252 2424 Tltcoplt.
270 2365 297 2410 et
315 2378 360 2412 om.
379 2364 453 2416 codd.
471 2369 519 2412 oet.
536 2364 576 2417 ed.
594 2362 645 2427 Kr,
