2472 3896
146 179 189 244 30
245 198 281 232 ure
302 197 497 234 serrsunrronn
517 197 647 233 aurosum
663 197 716 234 ver.
733 195 900 234 cunerem
917 183 940 247 1,
959 186 999 234 24.

147 353 198 394 nec
220 344 309 392 umen
329 336 514 393 fraudulenter
534 339 644 412 negotia
659 337 843 410 administrat,
866 338 938 394 solat
951 340 977 394 ei
992 347 1113 396 curator

147 421 264 492 adiungi.
293 421 357 476 item
371 422 399 476 in
414 421 503 476 locum
519 429 649 492 tutorum,
670 423 716 496 qui
736 437 792 478 non
811 423 839 478 iu
860 429 1032 496 perpetua-m,
1053 422 1113 478 sed

148 504 180 560 ad
197 515 303 576 tempus
319 521 333 558 a
347 504 433 560 tutela
448 515 622 574 excusantur,
638 505 728 561 solent
742 514 880 562 curatores
896 506 960 562 dari.

114 592 130 641 o
211 585 312 654 Quodsi
328 594 403 643 tutor
418 587 526 644 adversa
540 588 693 644 valetudine
709 588 750 644 vel
764 587 815 644 alia
835 591 996 646 necessitate
1018 590 1112 662 impe-

147 670 229 737 ditur,
247 686 301 742 quo
318 672 404 726 minus
419 673 528 746 negotia
543 672 638 746 pnpilli
654 671 839 728 administrare
854 675 951 746 possit,
971 681 999 728 et
1013 671 1111 746 pupil-

147 753 190 809 lus
205 753 247 810 vel
262 754 331 810 ahsit
345 755 387 810 vel
401 754 488 811 inians
503 758 548 825 sit,
565 771 644 828 quem
658 755 733 828 velit,
749 765 866 812 actorem
882 757 1002 829 periculo
1015 757 1112 830 ipsius

146 845 259 911 praetor
272 835 315 895 vel
330 842 376 911 qni
391 840 543 913 provinciae
557 840 685 912 praeerit,
700 838 809 896 decreto
826 843 984 896 constituet.

548 1133 606 1174 TIT.
616 1133 703 1174 XXIV.

190 1250 239 1301 Dtt
259 1250 522 1302 SATISDATIONE
540 1251 719 1304 TUTORUM
735 1253 808 1304 VEL
827 1252 1065 1304 CURATORUM.

96 1408 133 1450 1³1·
210 1399 265 1462 ¹Ne
281 1415 370 1462 tamen
384 1406 548 1480 pupillorum
563 1407 757 1481 pupillarumve
772 1415 800 1462 et
821 1423 924 1478 eorum,
941 1408 987 1480 qni
1001 1423 1108 1480 quaeve

147 1489 174 1544 in
190 1491 330 1546 curatione
341 1498 415 1560 snut,
430 1493 539 1564 negotia
550 1508 564 1546 a
576 1491 711 1546 tutoribus
727 1489 928 1547 curatoribusve
942 1507 1107 1546 consuman-

146 1579 192 1628 tur
206 1572 248 1629 vel
263 1573 463 1644 deminuuntur,
484 1583 559 1630 curat
574 1583 692 1647 praetor,
713 1584 743 1630 ut
757 1582 785 1630 et
800 1582 904 1630 tutores
920 1582 948 1630 et
961 1559 1105 1630 curatore's

147 1672 179 1712 eo
194 1657 302 1712 nomine
317 1657 457 1712 satisdent.
484 1656 532 1712 sed
546 1659 600 1712 hoc
610 1673 665 1712 non
676 1666 718 1713 est
728 1667 902 1732 perpetuum:
918 1674 980 1713 nam
995 1665 1104 1713 tutores

147 1747 308 1794 testamento
332 1739 386 1794 dati
407 1739 537 1795 satisdare
559 1756 614 1796 non
637 1748 782 1813 coguntur,
805 1743 866 1814 qnia
882 1739 949 1796 fides
964 1757 1059 1797 eorum
1074 1749 1104 1798 et

147 1822 285 1895 diligentia
301 1823 334 1878 ab
356 1824 415 1896 ipso
438 1831 567 1880 testatore
589 1822 698 1897 probata
721 1833 775 1880 est:
798 1826 862 1881 item
880 1841 913 1882 aa
926 1825 1103 1898 inquisitione

147 1914 253 1962 tutores
276 1905 318 1962 rel
340 1915 479 1963 curatores
501 1906 556 1962 dati
578 1908 751 1964 satisdatione
778 1924 832 1964 non
856 1917 1017 1978 onerantur,
1039 1911 1102 1980 quia

114 1993 127 2040 1
145 1989 236 2046 idonei
251 1989 328 2046 electi
343 1999 415 2051 sunt.
444 1991 496 2046 Sed
508 1998 536 2047 et
550 1992 572 2046 si
586 2008 619 2047 eu
629 1998 790 2048 testamento
806 1992 847 2047 vel
860 1993 1035 2066 inquisitione
1045 1992 1101 2048 dno

146 2073 271 2147 pluresve
286 2075 341 2130 dati
356 2075 467 2146 inerint,
487 2083 579 2148 potest
593 2091 663 2132 unus
679 2075 777 2132 olierre
798 2077 863 2130 satis
879 2076 912 2131 de
926 2077 1101 2133 indemnitate

145 2158 242 2232 pupilli
256 2159 297 2214 vel
312 2158 491 2215 adulescentis
506 2167 534 2215 et
552 2161 689 2215 contutari
709 2159 750 2215 vel
767 2162 940 2216 concuratori
960 2159 1100 2234 praeferri,

146 2251 177 2296 ut
192 2241 266 2297 solus
277 2242 452 2314 administret,
470 2242 510 2298 vel
522 2250 552 2298 ut
564 2250 693 2300 contutor
707 2244 772 2298 satis
788 2241 903 2299 oilerens
916 2251 1101 2317 praeponatur

146 2326 170 2380 ei
185 2319 232 2380 et²
247 2326 304 2397 ipse
318 2324 393 2380 solus
409 2327 583 2383 administret.
613 2329 704 2399 itaque
715 2343 768 2400 per
782 2341 811 2381 se
831 2343 886 2382 non
898 2335 993 2400 potest
1003 2335 1101 2400 ¹petere

145 2409 212 2463 satis
228 2425 243 2463 a
258 2416 402 2464 oontutore
412 2409 452 2464 vel
468 2417 643 2467 concuratore
655 2426 716 2482 sno,
732 2408 886 2466 sedolierre
896 2411 984 2482 debet,
999 2418 1032 2467 nt
1045 2410 1100 2466 ele·

146 2491 262 2547 ctionem
278 2491 324 2546 det
339 2495 478 2548 contutori
492 2509 559 2563 suo,
580 2501 671 2549 utrum
692 2493 756 2550 velit
769 2494 834 2549 satis
850 2495 971 2567 accipere
986 2511 1018 2550 au
1034 2495 1100 2549 satis

145 2574 217 2630 dare.
249 2575 347 2649 quodsi
366 2591 444 2632 nemo
460 2591 552 2632 eornm
567 2578 632 2632 satis
652 2576 756 2647 oiierat,
776 2577 800 2632 si
815 2577 921 2648 quidem
937 2578 1099 2651 adscriptum

144 2659 227 2715 inerit
242 2677 257 2715 a
273 2666 419 2729 testatore,
439 2661 498 2733 quis
519 2669 612 2734 gerat,
633 2658 679 2716 ille
699 2673 794 2733 gerere
815 2659 903 2717 debet:
927 2661 1022 2734 quodsi
1045 2677 1100 2716 non

144 2744 226 2800 luerit
241 2743 413 2816 adscriptum,
430 2760 508 2816 quent
524 2744 609 2800 maior
623 2760 684 2817 pars
697 2743 819 2818 elegerit,
834 2744 892 2818 ipse
903 2761 998 2818 gerere
1009 2742 1100 2816 debat,

145 2836 176 2884 nt
190 2827 278 2884 edicto
293 2830 424 2902 praetoris
438 2836 554 2884 cavetur.
586 2829 628 2882 sin
639 2836 730 2884 antem
741 2829 792 2900 ipsi
805 2836 908 2883 tutores
924 2828 1100 2886 dissenserint

144 2913 214 2969 cirea
229 2912 381 2986 eligendum
396 2928 458 2968 eum
472 2911 513 2967 rel
529 2927 589 2982 eos,
610 2913 656 2982 qni
671 2926 765 2983 gerere
787 2911 895 2983 debent,
915 2920 1025 2985 praetor
1035 2927 1099 2984 par·

144 3003 184 3051 tes
196 3013 257 3052 suas
267 2998 438 3068 interponere
451 2995 541 3050 debet.
573 2994 643 3051 idem
658 2996 727 3051 etin
742 2993 863 3067 pluribus
879 3011 911 3050 ex
925 2996 1098 3068 inquisitione

144 3078 212 3135 datis
227 3079 394 3154 probandum
410 3086 468 3148 est,
489 3078 516 3134 id
531 3085 573 3134 est
589 3087 619 3134 ut
633 3081 716 3135 maior
728 3094 794 3152 pers
809 3077 910 3152 eligere
924 3080 1028 3152 possit,
1049 3094 1100 3151 per

144 3180 224 3236 quem
239 3163 432 3219 administratio
447 3160 532 3219 lieret.

213 3443 234 3508 1)
250 3445 309 3507 fere
321 3465 354 3486 =
366 3445 422 3494 aar.
436 3447 459 3506 1,
474 3447 529 3496 ree.
542 3446 599 3500 eoo,
672 3443 694 3508 ²)
717 3445 744 3504 r,
758 3445 798 3498 ea.
812 3443 885 3497 sear.
898 3446 929 3494 ue
940 3443 974 3506 n,
992 3444 1032 3492 ea.
1047 3442 1096 3491 nr.
