2500 3890
157 157 218 220 174
474 174 508 206 nu
527 171 690 208 xcrxonxans
709 158 754 218 IV,
773 161 796 212 6.

155 315 244 371 virere
265 315 385 387 coeperit
406 320 452 368 aut
467 313 583 384 denique
598 312 720 384 quolibet
741 311 822 367 modo
837 311 957 367 deterior
973 311 1058 368 factus
1074 313 1112 367 sit

157 393 195 472 (in
210 414 263 470 qua
278 397 383 453 actione
398 398 477 452 etiam
493 412 583 452 earum
598 413 699 466 rerum,
715 413 783 468 quas
799 395 927 469 fugiendo
942 411 1036 450 servus
1052 394 1112 450 abs·

156 482 228 552 tulit,
244 480 394 536 aestimatio
410 476 579 554 deduciturl:
595 481 659 536 item
672 480 815 554 exlegem,
831 478 904 551 quod
915 477 1112 534 venerabilibus

106 563 139 611 24
155 565 223 621 locis
239 565 363 620 relictum
379 573 437 636 est,
457 564 604 621 secundum
620 581 663 633 ea,
685 581 753 638 quae
776 580 857 636 supra
873 563 995 618 diximus.
1026 562 1112 636 l'ripli

155 665 235 720 vero,
251 664 311 704 cum
326 647 433 719 quidam
449 649 577 704 maiorem
592 663 667 703 verae
683 648 876 703 aestimationis
892 647 1068 718 quantitatem
1082 647 1112 700 in

156 731 248 789 libello
264 733 449 787 conventionis
464 733 594 801 inseruit,
616 738 647 787 ut
667 747 698 786 ex
713 731 764 786 hac
779 747 860 786 causa
873 730 1006 800 viatores,
1026 730 1053 785 id
1069 739 1113 785 cst

156 824 328 872 exsecutores
349 815 453 890 litium,
474 815 629 889 ampliorem
650 831 780 871 summam
800 814 980 887 sportularum
1002 815 1112 868 nomine

156 894 331 973 exigerent:1
353 908 417 955 tunc
436 899 507 955 euim
528 899 601 971 quod
622 908 735 972 propter
754 915 848 954 eorum
864 913 971 953 causam
986 897 1112 952 damnum

155 999 250 1057 passus
265 982 347 1038 fuerit
362 999 435 1052 reus,
450 983 477 1038 id
490 983 601 1057 triplum
613 983 645 1038 ab
657 990 747 1038 actore
761 990 953 1054 consequetur,
970 989 1001 1037 ut
1016 981 1044 1036 in
1061 982 1113 1036 hoe

154 1067 237 1141 triplo
252 1075 279 1121 et
294 1066 435 1140 simplum,
455 1068 552 1138 inquo
568 1067 693 1123 damnum
708 1083 803 1141 passus
819 1073 875 1137 est,
890 1073 1111 1121 connumeretur.

155 1150 228 1222 quod
242 1160 335 1205 nostra
346 1145 526 1206 constitutio²
536 1150 651 1221 induxit,
666 1151 778 1222 quaein
793 1159 887 1205 nostro
903 1149 995 1205 codice
1010 1147 1111 1222 fulget,

105 1232 138 1281 25
156 1251 188 1290 ex
199 1250 251 1306 qua
263 1233 344 1289 dubio
357 1233 453 1306 procul
464 1242 507 1290 est
519 1251 551 1290 ex
562 1234 953 1308 legecondicticiamemanare.
962 1231 1112 1305 Quadrupli

156 1317 238 1373 veluti
250 1317 317 1372 furti
326 1317 470 1388 manifesti,
487 1319 552 1374 item
567 1317 600 1373 de
612 1335 654 1387 eo,
671 1317 743 1389 quod
756 1325 842 1372 metus
859 1333 938 1372 canusa
955 1316 1052 1371 factum
1064 1318 1112 1386 sit,

156 1401 243 1474 deque
259 1418 288 1456 ca
304 1402 427 1474 pecunia,
441 1418 510 1473 quae
525 1404 554 1458 in
569 1403 621 1458 hoc
635 1402 696 1457 data
711 1403 757 1472 sit,
775 1409 805 1456 ut
818 1402 851 1470 is,
867 1402 911 1457 cui
926 1400 1021 1471 datur,
1037 1400 1111 1455 colu-

155 1486 241 1541 mniac
250 1501 329 1540 causa
340 1486 565 1559 negotiumalicui
577 1486 677 1541 faceret
686 1485 727 1540 vel
735 1502 791 1540 non
802 1485 914 1540 faceret:
929 1485 993 1539 item
1005 1499 1037 1538 ex
1048 1483 1113 1558 lege

155 1569 314 1625 condicticia
329 1587 342 1624 a
358 1577 450 1625 nostra
467 1570 663 1626 constitutione
680 1570 784 1641 oritur,
804 1570 833 1624 in
853 1567 1031 1641 quadruplum
1047 1584 1113 1623 oon·

156 1652 351 1708 demnationem
373 1654 514 1725 imponens
536 1653 579 1707 lais
601 1652 804 1709 exsecutoribus
825 1652 924 1722 litium,
947 1652 994 1723 qui
1016 1661 1111 1706 contra

156 1744 264 1790 nostrae
286 1731 506 1792 constitutionis³
534 1753 653 1792 normam
675 1754 689 1791 a
711 1737 764 1792 reis
792 1736 936 1808 quidquam
959 1736 1111 1808 exegerint.
1223 1785 1224 1792 ,

106 1818 138 1865 26
156 1817 207 1874 Sed
223 1818 289 1873 furti
304 1819 411 1890 quidem
424 1836 472 1876 uec
484 1819 617 1875 manifesti
629 1821 698 1876 actio
711 1828 738 1875 et
749 1820 819 1875 servi
834 1820 956 1892 corrupti
972 1835 986 1872 a
1000 1819 1112 1890 ceteris,

156 1901 305 1972 dequibus
326 1901 406 1957 simul
424 1903 510 1959 locuti
530 1919 639 1971 sumus,
661 1919 693 1958 eo
709 1902 812 1973 differt,
833 1903 905 1975 quod
927 1903 975 1958 hae
991 1902 1111 1958 actiones

156 1986 310 2041 omnimodo
331 1986 406 2059 dupli
425 1997 504 2042 sunt:
526 1995 553 2042 at
568 1985 644 2056 illae,
664 1987 691 2042 id
713 1997 753 2042 est
768 1987 857 2042 damni
872 1987 985 2042 iniuriae
1000 2002 1034 2041 ex
1049 1985 1111 2060 lege

155 2069 260 2142 Aquilia
276 2078 304 2124 et
318 2069 452 2126 interdum
468 2070 598 2144 depositi,
614 2069 774 2126 infitiatione
790 2069 978 2142 duplicantur,
1000 2070 1029 2124 in
1044 2086 1110 2125 con-

156 2151 275 2209 fitentem
291 2162 378 2209 autern
394 2154 421 2210 in
437 2155 561 2228 simplum
576 2154 689 2210 dautur:
708 2155 756 2210 sed
771 2153 832 2224 illa,
847 2170 915 2226 quae
930 2153 963 2208 de
978 2153 1021 2208 his
1036 2170 1111 2209 com-

155 2241 233 2309 petit,
248 2253 317 2308 quae
332 2237 425 2293 relicta
440 2237 636 2293 venerabilibus
651 2237 719 2294 locis
734 2246 814 2308 sunt,
836 2254 890 2293 non
906 2237 994 2292 solum
1010 2235 1110 2292 infitia-

154 2321 229 2375 tione
244 2319 410 2392 duplicatur,
431 2321 478 2376 sed
493 2330 522 2377 et
535 2324 559 2377 si
573 2321 710 2377 distulerit
725 2323 812 2377 relicti
827 2321 1006 2389 solutionem,
1022 2337 1111 2393 usque

156 2419 210 2474 quo
221 2404 297 2458 iussu
308 2404 512 2475 magistratuum
526 2413 682 2461 nostrorum
694 2407 878 2476 conveniatur,
896 2407 924 2460 in
935 2404 1111 2461 confitentem

155 2502 218 2541 vero
234 2494 261 2542 et
281 2495 422 2557 antequam
443 2490 518 2544 iussu
540 2490 744 2562 magistratuum
767 2491 940 2545 conveniatur
960 2489 1109 2546 solventem

105 2571 137 2618 27
155 2570 243 2642 simpli
259 2570 388 2626 redditur.
417 2572 483 2628 ltem
496 2574 564 2628 actio
576 2572 609 2627 de
624 2589 665 2641 eo,
681 2572 754 2644 quod
765 2581 853 2628 metus
864 2589 941 2628 causa
952 2571 1052 2628 factum
1063 2574 1109 2642 sit,

155 2655 296 2724 aceteris,
312 2653 456 2727 dequibus
472 2657 551 2712 simul
567 2656 651 2712 locuti
666 2673 775 2721 sumus,
791 2672 823 2710 eo
839 2655 943 2725 diflert,
964 2655 1037 2728 quod
1052 2657 1109 2711 eius

155 2747 248 2792 natura
267 2739 348 2793 tacite
358 2742 521 2810 continetur,
536 2750 577 2811 ut,
593 2742 639 2813 qui
654 2740 750 2796 indicis
765 2741 840 2795 iussu
854 2741 939 2813 ipsam
947 2733 1010 2795 ¹rem
1025 2741 1108 2795 actori

154 2824 291 2890 restituat,
306 2821 465 2881 absolvatur.
495 2823 567 2896 quod
588 2826 615 2879 in
630 2825 727 2880 ceteris
743 2824 846 2879 casibus
861 2840 916 2879 non
931 2823 967 2878 ita
983 2832 1039 2894 est,
1062 2822 1108 2878 sed

156 2905 309 2961 omnimodo
331 2908 446 2978 quisque
467 2909 493 2963 in
514 2907 694 2980 quadruplum
709 2907 916 2978 condemnatur,
937 2907 1010 2978 quod
1025 2915 1110 2963 estet

155 2989 182 3043 in
198 2990 271 3045 furto
287 2990 422 3046 manifesti
436 2993 550 3052 actione.

222 3217 242 3280 1)
260 3223 329 3270 multi
345 3222 419 3270 codd.
438 3221 515 3281 inser.
535 3227 560 3269 et
580 3220 699 3284 Tbeopb,
718 3225 761 3286 qui
777 3223 824 3272 doc
840 3223 997 3285 propositum
1015 3237 1046 3271 ac
1063 3223 1107 3272 do·

155 3291 202 3337 lum
220 3289 312 3350 emipit3
336 3287 474 3350 exegerint
491 3289 565 3338 codd.
584 3294 632 3338 vet.
651 3289 708 3338 edd.
728 3287 800 3338 Scdr.
818 3297 842 3338 et
858 3289 909 3338 Kr.
996 3286 1016 3351 2)
1037 3289 1066 3339 L.
1084 3291 1107 3337 2.

154 3353 316 3469 gdeqprplus
336 3360 390 3417 pet.
408 3352 448 3416 (3,
469 3352 519 3416 10).
621 3353 642 3416 ³)
661 3354 693 3404 L.
716 3356 739 3409 b.
762 3355 789 3406 θ.
814 3357 845 3405 de
866 3361 948 3419 oport.
974 3355 1013 3420 (3,
1032 3356 1058 3419 2)
1081 3359 1108 3404 ot
