2492 3896
492 215 528 250 on
546 211 661 252 metans
680 202 716 265 11,
734 204 776 256 20.
1072 200 1114 264 89

154 365 184 411 et
197 356 284 428 possit
293 371 343 428 per
354 370 416 411 eum
428 371 533 410 servum
545 354 614 411 alius
625 356 704 412 heres
715 353 797 425 effici,
812 356 836 411 si
846 356 932 429 prius,
948 371 1026 428 quam
1037 357 1114 412 iussu

154 439 259 494 domini
274 438 365 509 adeat,
385 440 413 494 in
428 437 538 494 alterius
553 447 718 512 potestatem
733 438 878 495 translatus
893 441 945 510 sit,
966 438 1006 495 vel
1021 456 1114 496 mauu·

154 523 256 578 missus
276 523 333 596 lpse
354 523 432 578 heres
453 519 585 579 efficitur:
605 523 701 596 quibus
720 521 825 578 casibus
842 523 908 579 utile
923 531 966 580 est
980 523 1112 597 legatum:

155 605 255 680 quodsi
274 607 302 662 in
323 605 415 662 eadem
435 621 513 662 causa
534 608 712 679 permanserit
732 613 759 662 et
778 607 854 662 iussu
869 607 992 680 legatarii
1007 607 1112 676 adierit,

155 691 292 746 evanescit
302 689 430 762 legatum.
469 682 558 745 ¹Ante
569 689 676 745 heredis
688 691 885 746 institutionem
895 691 1026 746 inutiliter
1037 699 1112 747 antea
1131 700 1163 750 34
1239 745 1242 750 .

154 773 313 846 legabatur,
325 772 429 829 scilicet
446 773 508 845 qula
521 780 680 829 testamenta
691 775 742 829 vim
754 789 786 828 ex
801 775 971 830 institutione
985 773 1113 830 heredum

155 858 292 929 accipiunt
305 865 333 911 et
348 855 383 911 ob
397 855 424 911 id
439 856 523 912 veluti
540 866 621 930 caput
637 866 716 930 atque
731 855 933 912 fundamentum
947 858 1114 931 intellegitur

155 941 243 997 totius
263 941 417 996 testamenti
436 939 543 996 heredis
563 942 708 998 institutio.
743 941 801 1013 pari
821 941 925 996 ratione
941 957 990 997 nec
1004 940 1112 997 libertas

156 1033 217 1081 ante
232 1023 341 1080 heredis
355 1024 552 1080 institutionem
573 1024 629 1080 dari
647 1030 764 1098 poterat.
794 1023 842 1080 sed
857 1025 919 1097 quia
934 1023 1038 1080 incivile
1053 1040 1113 1080 esse

155 1108 319 1182 putavimus,
335 1107 454 1162 ordinem
466 1108 572 1181 quidem
590 1110 737 1182 scripturae
749 1109 826 1180 sequi
839 1107 923 1182 (quod
938 1116 965 1163 et
979 1107 1030 1180 ipsi
1045 1109 1112 1163 anti·

156 1193 253 1265 quitali
273 1190 477 1264 vituperandum
497 1191 587 1247 luerat
606 1185 722 1270 visum),
747 1193 839 1265 sperni
859 1199 948 1247 autem
975 1192 1112 1246 testatoris

156 1275 338 1331 voluntatem:
354 1290 403 1347 per
416 1282 537 1330 nostram
552 1270 791 1332 constitutionem²
805 1284 833 1331 et
847 1276 899 1331 boc
913 1276 1006 1330 vitium
1022 1291 1112 1331 emen·

155 1359 286 1430 davimus,
302 1366 333 1414 ut
347 1357 426 1414 liceat
441 1367 468 1413 et
479 1367 541 1414 ante
552 1359 658 1414 heredis
673 1360 870 1415 institutionem
886 1366 913 1414 et
926 1360 998 1414 inter
1013 1358 1111 1415 medias

155 1443 287 1500 heredum
302 1443 486 1497 institutiones
500 1441 619 1515 legatum
633 1443 786 1515 relinquere
797 1449 825 1497 et
835 1441 921 1496 multo
933 1442 1017 1513 magis
1031 1442 1112 1498 liber·

154 1536 255 1596 tatem,
277 1527 353 1582 cuius
369 1541 434 1580 usus
448 1525 618 1582 favorabilior
632 1533 682 1582 est.
714 1517 797 1581 ³Post
812 1534 924 1579 mortem
941 1540 1049 1597 quoque
1064 1525 1110 1580 be·
1129 1535 1162 1584 35

154 1610 227 1666 redis
248 1619 295 1665 aut
315 1609 437 1682 legatarii
458 1609 540 1664 simili
561 1609 640 1665 modu
659 1608 792 1664 inutiliter
810 1606 965 1681 legabatur:
986 1606 1069 1664 veluti
1089 1609 1112 1663 si

155 1695 269 1766 quisita
284 1693 367 1748 dicat:
390 1707 452 1749 cum
470 1708 571 1750 nuans
592 1707 675 1750 mnus
689 1707 834 1750 nonanus
846 1707 936 1763 narr,
957 1706 1000 1747 no
1015 1707 1112 1750 nuno:

154 1780 221 1834 item
237 1792 344 1834 omnm
360 1791 447 1844 opem
460 1792 561 1834 anans
575 1793 637 1835 nur
652 1790 849 1834 recursurus
864 1790 1034 1833 normanna.
1063 1775 1111 1832 sed

154 1860 236 1916 simili
253 1858 334 1916 modo
355 1867 382 1915 ct
402 1859 455 1916 hoc
469 1861 632 1916 correximus
639 1853 663 1931 ,⁴
682 1858 833 1916 firmitatem
849 1858 1001 1914 huiusmodi
1016 1859 1111 1933 legatis

155 1945 188 2000 ad
204 1942 473 2000 fideicommissorum
488 1943 687 2000 similitudinem
703 1951 886 2016 praestantes,
908 1958 941 1998 ne
960 1942 1002 1997 vel
1016 1944 1044 1997 in
1059 1944 1112 1998 boc
1212 1937 1216 1944 ’

155 2044 220 2084 casu
236 2026 356 2084 deterior
365 2043 443 2083 causa
458 2027 609 2101 legatorum
622 2043 701 2100 quam
712 2024 979 2083 fideicommissorum
994 2027 1111 2080 invenia-

154 2121 212 2168 tur.
242 2105 365 2167 ⁵Poenae
377 2126 485 2183 quoque
494 2112 602 2166 nomine
613 2110 744 2166 inutiliter
755 2108 895 2184 legabatur
910 2117 937 2164 et
946 2107 1110 2164 adimebatur
1128 2120 1160 2168 36

153 2195 198 2251 vel
213 2193 433 2253 transferebatur.
461 2210 563 2267 poenae
578 2201 667 2250 autem
681 2195 789 2249 nomine
803 2193 889 2265 legari
903 2192 1022 2262 videtur,
1038 2192 1111 2264 quod

154 2278 298 2336 coercendi
313 2276 418 2332 heredis
434 2293 513 2334 causa
522 2277 694 2349 relinquitur,
709 2292 763 2349 quo
778 2277 865 2350 magis
880 2277 901 2331 is
917 2274 1016 2347 aliquid
1032 2275 1112 2331 iaciat

154 2370 272 2419 autnon
294 2360 388 2417 iaciat:
412 2360 493 2416 veluti
515 2362 539 2416 si
559 2363 619 2433 quis
638 2361 675 2416 ita
695 2361 846 2432 scripserit:
869 2374 970 2416 anans
984 2376 1066 2418 amus
1083 2375 1111 2417 s1

152 2463 265 2504 arnmot
280 2459 363 2502 susm
377 2461 409 2502 1rv
423 2460 644 2503 mnrsrmorvrum
657 2459 745 2500 n1r10
762 2459 1000 2502 connocovnsrr
1015 2444 1067 2516 (vel
1079 2462 1111 2501 ex

154 2531 263 2586 diverso
279 2543 308 2586 st
322 2543 385 2585 raon
397 2523 659 2602 commodandam),
674 2543 757 2585 nano
772 2543 879 2586 ononis
893 2543 1014 2586 nonnos
1030 2545 1111 2600 snro,

153 2623 202 2669 aut
214 2615 236 2669 si
244 2615 282 2669 ita
293 2613 447 2686 scripserit:
458 2627 558 2669 asans
569 2627 651 2670 mnus
664 2626 693 2668 s1
705 2627 827 2670 servunt
839 2627 975 2670 suenum
984 2629 1112 2669 mvnvs·

152 2714 250 2756 vnavr
273 2689 329 2772 (vel
344 2711 376 2750 er
391 2695 496 2751 diverso
512 2711 542 2752 sr
556 2711 618 2753 norv
637 2693 878 2767 anvnrvnvnnrr),
900 2710 986 2753 rrrvo
1006 2711 1112 2752 nucum

152 2795 276 2839 suanos
287 2795 382 2836 nano.
410 2787 438 2834 et
449 2780 477 2833 in
490 2785 592 2834 tantum
605 2780 669 2836 haec
680 2781 774 2854 regula
787 2776 988 2847 observabatur,
1006 2787 1036 2832 ut
1050 2795 1111 2850 per·

154 2881 235 2939 quam
256 2863 378 2937 pluribus
398 2860 590 2936 principalibus
606 2861 841 2920 constitutionibus
863 2858 1042 2933 significetur,
1062 2877 1112 2917 nec

146 2949 304 3022 ‚principem
319 2945 426 3020 quidem
442 2961 605 3020 agnoscere,
620 2946 693 3019 quod
713 2947 737 3001 ei
751 2961 854 3018 poenae
870 2944 978 2998 nomine
992 2943 1111 3017 legatum

152 3034 200 3092 sit.
237 3047 287 3086 neo
309 3047 341 3086 ex
362 3030 452 3085 militis
473 3029 582 3102 quidem
605 3037 765 3086 testamento
787 3027 850 3084 talia
871 3027 958 3100 legata
980 3026 1111 3098 valebant,

157 3177 357 3188 ...-.-.--—·

222 3259 245 3323 ¹)
263 3261 316 3310 init.
332 3261 391 3322 scre
403 3280 436 3300 =
450 3259 505 3314 Gai.
523 3261 547 3320 2,
566 3261 623 3313 229.
642 3261 699 3310 230.
769 3256 789 3320 ²)
807 3258 838 3309 L.
857 3261 897 3314 tt.
917 3253 945 3310 0.
963 3257 995 3307 de
1013 3263 1110 3310 testam.

153 3329 190 3394 (6,
204 3325 260 3393 23).
302 3329 305 3337 ’
340 3325 362 3387 ⁸)
374 3329 428 3382 init.
440 3322 499 3388 fere
559 3327 613 3377 Gai.
626 3329 650 3389 2,
663 3327 720 3377 232.
805 3323 826 3389 ⁴)
840 3327 870 3380 t.
885 3329 925 3381 11.
940 3326 966 3375 0.
981 3327 1013 3375 de
1030 3334 1111 3382 eona.

150 3395 312 3516 {agemus
331 3395 392 3458 clip.
417 3393 459 3458 (8,
479 3396 511 3446 at
529 3396 563 3448 al.
582 3394 635 3455 38).
739 3390 760 3455 ⁶)
777 3395 872 3457 partim
930 3395 986 3448 Gai.
1004 3395 1032 3459 2,
1051 3397 1110 3446 235.
1150 3432 1153 3436 -
