2500 3890
95 148 156 213 154
195 165 230 200 nn
245 163 486 214 oBthA‘tlotttBtts,
498 163 571 205 onan
583 163 619 197 nx
630 161 742 198 cannono
756 161 915 202 nasouuaua
927 146 975 209 LV,
989 149 1013 195 1.

92 308 164 364 ittam
178 305 279 361 marm:
303 297 372 377 ρει1
397 304 450 360 hoc
468 312 556 360 autem
578 302 687 360 dubium
709 312 781 370 erat,
804 302 911 376 quando
934 301 1056 358 novandi

93 391 181 445 animo
196 388 333 444 vidonetun
346 388 398 444 boc
413 387 486 460 lieni,
509 397 536 444 et
552 387 678 460 quasdam
694 387 727 442 de
743 387 795 442 boc
810 387 1053 462 praesumptiones

93 473 137 529 alii
153 475 182 528 iu
200 472 262 528 aliis
277 471 381 527 casibus
403 471 625 528 introducebant:
646 469 706 526 ideo
727 480 819 526 nostra
834 471 968 542 processit
982 486 1053 533 oom-

93 549 230 625 εῑίιιιιίιι,2
244 573 316 629 quae·
327 557 493 630 apertissime
508 553 644 624 delinivit,
668 563 733 610 tunc
747 554 835 610 solum
852 552 910 609 lieni
926 555 1053 612 novatio·

92 657 169 709 nem,
185 641 311 714 quotiens
327 640 378 695 hoo
392 640 480 712 ipsum
495 641 566 695 inter
581 639 771 695 contrahentes
786 653 940 711 expressum
956 637 1053 710 inanit,

94 725 166 798 quod
193 733 304 798 pnopton
330 725 499 780 uonaffionem
529 723 626 796 prioris
649 721 822 795 obligationis
845 730 1053 790 convenenunt;
1077 785 1089 794 ¹

93 807 210 881 alioquin
226 824 331 863 macene
352 815 380 862 ct
400 808 540 880 pristinam
557 805 744 877 obligationem
766 814 793 860 et
807 805 949 862 secundam
965 806 991 860 oi
1005 821 1053 860 ac-

93 891 199 961 cedere,
214 901 245 946 ut
256 899 360 946 maneat
372 907 403 946 ex
418 898 532 962 utraque
544 906 622 944 causa
640 887 768 960 obligatio
781 889 926 945 secundum
939 897 1054 949 nostnao

93 977 295 1031 constitutionis
307 973 487 1044 definitiones,
503 989 567 1046 quas
579 972 640 1028 licet
653 974 782 1044 exipsius
798 972 914 1029 lectione
929 973 1053 1046 apertius

59 1073 76 1118 4
93 1075 267 1132 cognoscere.
297 1058 355 1115 Hoc
365 1057 477 1131 amplius
490 1072 535 1112 eae
548 1055 736 1127 obligationes,
752 1071 819 1129 quae
835 1072 972 1116 consensit
984 1072 1053 1116 eon·

96 1144 252 1212 trahuntur,
276 1143 413 1199 contraria
426 1140 564 1195 voluntate
579 1137 774 1196 dissolvuntur.
804 1156 864 1196 nam
881 1142 905 1196 si
919 1140 1005 1196 littus
1021 1150 1054 1198 et

94 1225 171 1280 Seius
186 1228 257 1281 inton
277 1242 306 1281 se
328 1233 540 1298 consenserunt,
562 1232 592 1278 ut
608 1222 720 1278 fundum
735 1223 913 1280 Tusculanum
929 1232 1052 1296 emptum

94 1309 174 1364 Seius.
186 1308 296 1366 baberet
311 1317 419 1365 contum
434 1324 591 1376 aureorum,
608 1305 702 1362 aleinde
717 1324 746 1362 ne
762 1307 881 1364 nondum
897 1316 1006 1377 secuta,
1021 1307 1053 1362 id

94 1401 244 1466 estusque
264 1395 356 1467 pnetio.
374 1392 464 1449 soluto
487 1407 574 1464 neque
597 1389 679 1446 lundo
696 1390 810 1460 tradito,
832 1390 963 1464 placuerit
977 1392 1054 1448 inter

94 1493 156 1549 eos,
178 1486 208 1532 ut
222 1477 407 1534 discederetur
421 1475 453 1531 ab
469 1477 605 1549 emptione
624 1475 835 1545 obventitiam,
855 1475 969 1532 invicem
983 1474 1053 1532 libe·

94 1570 197 1617 rantur.
227 1561 297 1616 idem
319 1570 363 1617 est
384 1570 411 1616 et
432 1562 460 1616 in
483 1559 662 1615 conductione
685 1566 712 1613 et
733 1557 866 1614 locatione
883 1567 909 1614 et
925 1557 1053 1614 omnibns

94 1645 283 1715 contractibus,
300 1647 345 1717 qul
358 1661 389 1699 ex
399 1660 532 1699 consensu
548 1642 723 1714 descendunt,
739 1644 809 1700 sicut
819 1644 871 1698 iam
883 1642 983 1701 dictum
995 1651 1051 1704 eat.

418 1905 529 1955 niune
547 1903 723 1967 conanus.

526 2070 583 2110 m.
597 2071 616 2110 1.

195 2175 243 2226 DE
263 2171 583 2237 OBLIGATIONIBUS,
603 2171 701 2235 QUAE
718 2173 768 2224 EX
786 2171 946 2223 DELIGTO

458 2255 679 2310 NASOUNTUR.

73 2438 79 2449 .
158 2395 222 2451 Cum
234 2398 385 2469 expositum
397 2396 579 2468 sitsupenione
591 2394 660 2450 libro
672 2394 705 2450 de
717 2395 928 2469 obligationibus
941 2412 973 2450 ex
984 2412 1053 2452 con-

96 2487 183 2536 tractu
198 2489 223 2534 et
237 2481 312 2552 quasi
326 2496 358 2535 en
376 2485 531 2548 contractu,
548 2481 681 2550 sequitur,
698 2478 772 2534 ntde
790 2479 1000 2553 obligationibus
1017 2497 1053 2536 ex

96 2561 224 2621 maleficio
241 2563 420 2637 dispiciamus.
452 2553 517 2616 ³sed
534 2561 596 2618 illae
611 2562 732 2635 quidem,
749 2572 779 2618 ut
794 2581 844 2619 sno
860 2564 920 2620 loco
937 2563 1052 2619 tradidi·

96 2663 170 2718 mus,
192 2649 220 2702 in
235 2655 364 2719 quattuor
384 2662 484 2720 genera
504 2645 673 2701 dividuntur:
694 2647 744 2703 hae
764 2663 828 2703 veto
845 2649 923 2702 nnius
939 2649 1053 2720 generis

95 2740 168 2802 suut,
183 2747 245 2788 nam
255 2746 348 2788 omnes
359 2746 391 2785 en
401 2746 430 2786 re
444 2738 602 2798 nascuntur,
617 2729 643 2784 id
659 2739 700 2786 est
715 2747 747 2786 ex
762 2732 821 2804 ipso
837 2729 976 2802 maleficio,
992 2732 1053 2788 vel-

95 2816 135 2874 uti
150 2831 182 2870 en
198 2814 270 2870 lunto
286 2822 333 2870 ant
347 2815 439 2887 rapina
454 2822 499 2868 aut
514 2812 610 2868 damno
626 2823 673 2868 aut
688 2815 794 2870 iniuria.

64 2916 76 2961 1
159 2891 289 2954 4Ριιιιιιιιι
305 2907 347 2954 est
362 2898 537 2956 cotttrcctatio
560 2897 597 2952 rei
619 2896 773 2953 iraudulosa
791 2897 833 2953 vel
849 2899 933 2972 ipsius
948 2898 987 2953 rei
1005 2900 1052 2956 vel

163 3143 182 3206 ¹)
201 3160 249 3210 por
260 3153 303 3195 aut
319 3148 449 3196 delendum
461 3152 518 3206 out,
536 3146 604 3210 quod
613 3147 707 3207 malim,
720 3147 755 3195 od
766 3145 877 3196 dubium
889 3146 1051 3196 trahendum.

95 3211 179 3264 τοῦτο
199 3199 395 3275 albateco
422 3211 517 3282 apollon
539 3211 649 3276 Tlteopb.
731 3210 752 3276 ²)
771 3213 802 3266 L.
820 3213 845 3262 8.
867 3214 893 3264 Ο.
912 3216 943 3263 de
961 3222 1052 3264 novat.

96 3279 135 3344 (8,
153 3283 183 3329 ll
204 3283 235 3330 ot
254 3279 306 3340 42).
392 3229 466 3343 ³Ycs.
486 3281 541 3332 Gai.
560 3281 587 3341 3,
608 3281 664 3333 182.
687 3281 720 3333 L.
739 3283 762 3330 4.
782 3280 813 3329 ll.
834 3282 866 3330 de
884 3281 933 3333 obl.
951 3288 976 3330 et
994 3288 1052 3332 oct.

96 3345 152 3410 (44,
172 3345 198 3409 t)
217 3361 252 3396 ea·
270 3347 328 3396 (tuti
344 3351 361 3398 l.
380 3349 395 3397 3
412 3363 465 3397 rer.
484 3353 551 3412 quot.
619 3344 643 3411 ⁴)
661 3367 695 3388 --
713 3347 743 3396 t.
763 3349 786 3396 1.
804 3348 826 3408 §-
839 3351 863 3398 3.
882 3349 915 3398 tt.
934 3349 965 3400 ate
982 3342 1052 3408 fust.

96 3413 149 3478 (aa,
166 3409 192 3477 a)
211 3429 246 3462 eo
265 3415 348 3464 Pactu
364 3417 381 3467 t.
399 3416 432 3464 aa
448 3416 484 3464 aa
501 3416 540 3464 ea.
