2492 3896
161 169 204 234 50
242 187 278 224 ns
297 185 798 224 usuonrnonns.snnonorrsnron1s
815 186 1023 224 rosenssnonns.
1042 173 1090 238 11,
1115 177 1146 229 6.

163 329 258 388 emerit
278 327 321 384 vel
342 344 376 384 en
397 327 542 383 donatione
564 325 647 382 aliave
668 343 719 399 qur
738 329 810 382 lusta
825 343 905 384 causa
920 329 1082 400 acceperit,
1114 329 1146 385 is

163 430 221 470 eam
235 427 308 482 nem,
323 411 347 466 si
361 410 467 467 mobilis
482 418 553 480 erat,
569 426 639 467 anno
655 409 772 484 ubique,
792 411 816 466 si
830 409 990 480 immobilis,
1008 410 1144 468 biennio

162 504 267 552 tantum
281 496 309 550 in
324 493 416 551 italico
431 493 491 550 solo
511 496 663 567 usucapiat,
684 510 719 551 ne
736 509 827 550 rerum
841 493 958 550 dominia
972 494 1001 550 in
1014 496 1142 552 incerto

164 586 264 636 esseut.
301 586 328 634 et
349 594 409 634 cum
431 578 481 634 hoc
501 578 629 652 placitum
644 584 717 649 erat,
738 577 895 651 putantibus
910 578 1139 656 antiquioribus,

163 662 279 718 dominis
300 659 424 718 sulficere
446 660 479 716 ad
500 660 671 734 inquirendas
692 678 738 719 res
763 677 825 717 suas
847 661 964 735 praelata
986 669 1138 736 tempore,
1204 663 1205 732 i

162 745 241 802 nobis
256 745 352 802 melior
365 747 497 802 sententia
517 744 633 814 resedit,
655 761 689 800 ne
703 744 805 801 domini
819 746 951 801 maturius
964 746 1022 800 suis
1038 747 1137 803 rebus
1204 737 1205 814 J

163 829 356 885 defraudentur
370 845 458 902 neque
472 837 546 886 certo
562 827 623 885 loco
637 827 798 884 beneficium
812 829 865 884 boc
880 829 1073 886 concludatur.
1102 840 1136 886 et
1204 817 1205 844 ³

161 912 222 969 ideo
244 905 486 970 constitutionem¹
508 928 591 985 super
611 912 665 968 boc
678 912 920 986 promulgavimus,
942 929 994 984 qua
1009 921 1134 970 cautum

162 1005 214 1068 est,
237 1005 325 1054 utres
348 997 454 1070 quidem
474 995 588 1052 mobiles
609 1011 660 1068 per
678 996 824 1052 triennium
845 998 1050 1069 usucapiantur,
1077 999 1133 1052 im·

162 1080 274 1137 mobiles
295 1095 360 1136 vero
382 1078 528 1153 perlongi
549 1080 677 1152 temporis
700 1081 913 1153 possessionem,
936 1078 1028 1135 idest
1050 1081 1133 1136 iuter

161 1171 319 1238 praesentes
335 1163 480 1233 decennio,
499 1161 710 1218 interabsentes
725 1164 820 1236 viginti
835 1163 911 1218 annis
927 1165 1131 1237 usucapiantur

163 1258 191 1303 et
212 1248 254 1302 his
275 1245 362 1302 modis
384 1261 440 1301 non
461 1243 599 1306 solumin
620 1245 708 1316 ltalia,
730 1246 778 1302 sed
800 1249 826 1302 iu
849 1247 922 1302 omui
943 1256 1026 1318 terra,
1051 1265 1130 1322 quae

162 1339 258 1387 nostro
273 1331 386 1404 imperio
401 1329 582 1402 gubernatur,
604 1330 749 1386 dominium
769 1346 860 1386 rerum
874 1332 946 1386 iusta
960 1346 1040 1386 causa
1054 1349 1127 1405 pos-

163 1416 291 1471 sessionis
305 1413 483 1488 praecedente
497 1413 661 1486 adquiratur.

131 1508 143 1554 t
226 1497 279 1555 Sed
293 1498 435 1571 aliquando
451 1499 554 1553 etiamsi
576 1499 688 1552 menime
710 1497 771 1569 quis
784 1496 855 1553 bona
870 1496 922 1553 fide
944 1511 1000 1553 rem
1024 1514 1125 1571 posse·

163 1583 248 1652 derit,
269 1598 325 1639 non
346 1590 436 1637 tamen
458 1580 497 1635 illi
519 1583 647 1653 usucapio
663 1580 719 1637 ullo
739 1588 860 1654 tempore
879 1581 1011 1655 procedit,
1035 1583 1126 1640 veluti

163 1669 187 1722 si
209 1667 268 1738 quis
290 1664 402 1720 liberum
425 1665 560 1719 hominem
582 1663 624 1718 vel
645 1680 702 1720 rem
716 1680 816 1721 sacram
838 1665 880 1722 vel
898 1663 1054 1738 religiosam
1080 1669 1124 1724 vel

130 1755 270 1805 tservum
289 1748 431 1819 lugitivum
449 1747 595 1819 possideat.
631 1746 755 1806 Furtivae
775 1764 885 1822 quoque
905 1764 948 1804 res
964 1755 992 1803 et
1008 1765 1081 1822 quae
1098 1754 1124 1807 ri

163 1847 305 1906 possessae
327 1839 407 1900 suut,
433 1846 484 1885 nec
509 1831 532 1886 si
558 1830 697 1904 praedicto
724 1831 809 1904 longo
830 1839 952 1904 tempore
974 1830 1045 1889 bona
1067 1833 1124 1891 fide

163 1931 305 1990 possessae
326 1913 442 1984 luerint,
471 1916 580 1987 usucapi
602 1925 732 1987 possunt:
758 1932 819 1972 nam
846 1915 1005 1971 lurtivarnm
1027 1932 1123 1974 rerum

163 1999 207 2056 len
222 1998 362 2056 duedecim
377 1997 526 2054 tabularum
542 2009 569 2055 et
583 1992 744 2056 lexAtinia²
757 1997 860 2055 inhibet
874 2000 1079 2072 usucapionem,
1097 2004 1123 2057 vi

132 2092 349 2158 ipossessarum
371 2083 414 2138 len
435 2082 500 2138 lulia
522 2092 550 2140 et
571 2082 681 2143 Plautia.
725 2075 821 2149 ³Quod
842 2091 930 2138 autem
953 2082 1055 2138 dictum
1077 2095 1123 2141 est

88 2161 89 2164 ’
162 2168 320 2224 furtivarum
344 2174 372 2223 et
393 2168 418 2222 vi
439 2183 625 2240 possessarum
647 2183 738 2222 rerum
753 2168 943 2239 usucapionem
958 2182 1008 2240 per
1028 2166 1121 2242 legem

163 2249 325 2324 prohibitam
348 2266 418 2322 esse,
440 2267 495 2307 non
510 2267 543 2308 eo
565 2252 693 2325 pertinet,
717 2258 802 2305 utne
823 2251 881 2323 ipse
903 2249 947 2306 iur
969 2252 1047 2322 quive
1069 2268 1121 2324 per

164 2335 215 2390 vim
230 2333 368 2408 possidet,
390 2349 537 2408 usucapere
551 2335 651 2408 possit:
672 2349 731 2390 nam
747 2333 789 2388 his
805 2333 973 2390 alienatione
989 2337 1120 2406 usucapio

164 2434 219 2473 nou
241 2417 380 2490 competit,
403 2419 463 2489 quia
484 2418 587 2475 scilicet
602 2419 671 2472 mela
692 2415 744 2472 fide
759 2416 912 2491 possident:
934 2416 981 2472 sed
996 2434 1030 2473 ne
1045 2418 1122 2475 ullus

165 2500 256 2573 alius,
271 2501 390 2572 quamvis
413 2499 444 2555 ab
464 2503 502 2557 eis
521 2499 658 2556 bonafide
673 2501 768 2559 emerit
781 2500 824 2556 vel
839 2517 870 2556 en
885 2500 934 2557 alia
949 2517 1028 2556 causa
1043 2519 1121 2558 acce-

165 2586 247 2658 perit,
272 2583 443 2656 usueapieudi
464 2586 506 2640 ius
528 2582 633 2642 habeat.
670 2584 741 2640 uude
755 2585 783 2640 in
797 2583 876 2640 rebus
898 2583 1040 2640 mobilibus
1062 2602 1121 2642 non

164 2668 241 2726 lacile
262 2667 398 2741 procedit,
421 2675 452 2722 ut
473 2667 559 2724 bonae
574 2667 635 2722 fidei
654 2669 807 2740 possessori
828 2670 955 2742 usucapio
971 2677 1118 2742 competat.
1204 2671 1205 2738 ᾖ

164 2753 287 2826 namqui
308 2751 419 2808 alienam
439 2768 495 2808 rem
516 2751 634 2807 vendidit
649 2751 690 2807 vel
706 2769 738 2808 ex
758 2751 808 2807 alia
823 2768 903 2808 causa
918 2752 1040 2822 tradidit,
1061 2753 1119 2809 lur-
1204 2767 1205 2828 i

131 2843 148 2892 4
166 2844 222 2893 tum
243 2838 301 2893 eius
322 2837 475 2892 committit.
505 2834 557 2892 Sed
577 2843 663 2890 tamen
684 2835 710 2890 id
731 2835 871 2909 aliquando
892 2836 970 2892 aliter
984 2851 1013 2891 se
1028 2835 1118 2894 habet.
1204 2839 1205 2852 ¹

164 2937 225 2976 nam
241 2922 263 2976 si
278 2921 366 2991 heres,
383 2935 439 2975 rem
455 2919 583 2976 defuncto
596 2919 789 2975 commodatam
803 2926 849 2974 aut
863 2920 975 2976 locatam
991 2920 1034 2976 vel
1048 2921 1118 2993 apud
1204 2967 1205 2974 ,

165 3021 227 3060 eum
249 3005 398 3077 depositam
420 3005 574 3058 existimans
593 3002 779 3058 hereditariam
800 3019 873 3074 esse,
894 3002 965 3059 bona
984 3002 1036 3059 fide
1051 3006 1117 3062 acci·

164 3090 250 3163 pienti
263 3086 413 3143 vendiderit
427 3094 472 3142 aut
487 3087 626 3142 donaverit
641 3094 687 3142 aut
702 3086 773 3142 dotis
791 3088 898 3143 nomine
913 3087 1033 3161 dederit,
1054 3091 1117 3160 quin
1204 3123 1205 3128 κ

165 3250 364 3261 ——--——

234 3365 256 3429 1)
273 3368 307 3418 L.
326 3383 367 3416 nn.
387 3365 415 3416 0.
433 3367 465 3416 de
482 3383 551 3418 usuc.
571 3369 663 3432 benef.
681 3366 720 3432 (7,
739 3365 793 3430 31).
863 3365 883 3429 ²)
898 3357 1015 3426 Ἀτίλιος
1032 3359 1116 3432 νόμος

168 3434 277 3498 Theople
347 3432 367 3496 ³)
386 3433 408 3494 ἕ.
427 3435 443 3484 3
461 3441 487 3483 et
502 3437 519 3483 4
533 3439 628 3499 partim
645 3456 678 3477 =
697 3435 753 3486 Gai.
772 3436 797 3490 2,
815 3436 857 3485 49.
874 3436 914 3488 50.
