2500 3890
431 301 467 337 nn
486 301 659 338 rmsnro‘rrs
677 289 723 352 IV,
738 289 777 341 15.
1021 284 1081 350 195

128 446 154 499 in
170 443 345 516 possessione
368 457 455 514 neque
482 443 538 497 eius
554 444 660 499 nominc
681 443 763 515 nlius,
786 451 873 499 nmen
889 444 912 498 si
931 458 985 498 non
999 442 1080 498 relin-

129 526 252 601 quendae
262 525 444 599 possessionis
455 527 552 596 animo,
571 526 617 581 sed
629 534 724 599 postea
735 543 891 583 reversurus
907 527 968 582 inde
983 525 1080 582 disces·

128 612 212 680 serit,
234 611 351 665 retinere
366 611 564 684 possessionem
584 603 735 665 rideatur.¹
771 610 879 683 adipisci
894 627 957 667 vero
972 626 1079 684 posses·

128 696 233 750 sionem
249 710 298 766 per
313 708 382 766 quos
403 693 498 766 aliquis
521 700 627 766 potest,
651 693 769 749 secundo
791 693 859 749 libro
882 686 1080 768 exposuimus.²

128 795 179 834 uec
195 777 250 833 ulla
265 776 396 832 dubitatio
411 785 469 843 est,
487 778 551 849 quin
570 779 659 832 animo
679 777 738 833 solo
758 779 957 850 possessionem
972 777 1080 850 adipisci

129 878 209 918 nemo
230 867 331 934 potest.
360 858 555 933 Recipcraudae
575 862 754 934 possessionis
768 876 848 918 causa
863 861 933 916 solet
946 861 1078 932 interdici,
1096 856 1112 903 6

128 946 227 1017 siquis
243 960 276 999 ex
289 945 462 1016 possessione
477 943 552 1000 iundi
568 944 608 999 vel
624 944 726 1000 aedium
738 945 762 998 vi
775 943 894 1000 deiectus
909 945 1003 999 luerit:
1018 961 1079 999 nam

129 1031 154 1085 ei
169 1027 331 1102 proponitur
350 1027 521 1082 interdictum
536 1043 619 1085 nunu
633 1044 681 1097 vr,
702 1044 751 1100 per
765 1027 836 1100 quod
850 1029 891 1099 is,
914 1029 958 1102 qui
974 1027 1080 1099 deiecit,

128 1114 239 1186 cogitur
251 1111 274 1164 ei
286 1111 428 1166 restituere
439 1112 648 1182 possessionem,
662 1112 725 1167 licet
735 1112 758 1165 is
772 1111 860 1182 abeo,
876 1113 921 1183 qui
935 1112 960 1166 vi
974 1111 1079 1180 deiecit,

128 1197 154 1251 ri
176 1195 218 1251 vel
241 1193 308 1249 clam
330 1193 371 1248 rel
393 1194 514 1266 precario
536 1193 700 1267 possidebat.
744 1195 791 1250 sed
806 1211 838 1251 ex
853 1195 934 1250 sacris
949 1195 1079 1250 constitu·

128 1279 266 1347 tionibus,
281 1284 311 1333 ut
327 1293 405 1350 supra
421 1270 562 1348 diximus,³
582 1279 605 1334 si
620 1279 680 1351 quis
701 1294 756 1334 rem
771 1295 819 1352 per
834 1279 885 1333 vim
900 1280 1080 1352 occupaverit,

128 1364 154 1418 si
171 1361 277 1435 quidem
296 1361 325 1417 in
339 1360 416 1416 bonis
431 1361 490 1417 eius
511 1371 568 1433 est,
588 1361 706 1418 dominio
721 1364 778 1417 eius
792 1363 925 1435 privetur,
948 1363 970 1416 si
985 1361 1080 1434 aliena,

128 1454 193 1520 post
205 1447 263 1500 eius
282 1445 479 1500 restitutionem
496 1445 576 1500 etiarn
592 1447 800 1500 aestimationem
812 1447 852 1500 rei
863 1444 984 1499 darevim
999 1461 1080 1517 passo

129 1528 311 1602 compellitur.
349 1529 393 1600 qui
412 1536 501 1583 autern
516 1528 631 1601 aliquem
646 1528 679 1584 de
693 1530 864 1602 possessione
879 1531 993 1600 pervim
1008 1527 1079 1583 deie-

128 1612 209 1683 cerit,
224 1619 332 1667 tenetur
345 1611 406 1684 lege
420 1611 484 1667 lulia
500 1612 533 1666 de
545 1614 572 1667 vi
587 1613 686 1685 privata
702 1620 747 1666 aut
762 1611 795 1667 de
808 1613 834 1666 vi
849 1609 969 1685 publica:
984 1610 1032 1666 sed
1046 1611 1081 1666 de

129 1699 156 1752 vi
168 1698 279 1771 privata,
295 1696 317 1750 si
331 1697 389 1750 sine
403 1696 482 1750 armis
497 1697 549 1751 vim
564 1695 674 1766 iecerit,
688 1696 730 1750 sin
745 1705 832 1751 autem
848 1711 907 1751 cum
922 1695 1004 1750 armis
1018 1711 1080 1750 eum

131 1781 166 1836 de
181 1780 353 1854 possessione
367 1779 513 1850 expulerit,
533 1779 566 1834 de
581 1779 605 1834 vi
619 1778 735 1853 publica.
780 1795 914 1835 armorum
930 1787 1018 1835 autem
1033 1796 1079 1853 ap-

128 1863 277 1938 pellatione
295 1879 349 1917 uou
368 1862 456 1918 solum
475 1871 551 1920 scuta
571 1871 599 1919 et
618 1864 719 1937 gladios
735 1871 762 1920 et
777 1864 866 1937 galeas
881 1859 1024 1936 significari
1038 1864 1079 1918 iu·

129 1947 301 2020 collegimus,
328 1946 374 2001 sed
402 1953 429 2001 et
455 1945 543 2002 instes
570 1956 597 2002 et
619 1947 729 2020 lapides.
773 1946 860 2002 Tertia
883 1948 975 2003 divisio
996 1941 1112 2002 inter-⁷

129 2031 264 2087 dictorum
282 2030 347 2085 haec
361 2038 419 2101 est,
434 2029 506 2101 quod
522 2039 567 2085 aut
582 2031 709 2105 simplicia
724 2038 788 2085 sunt
802 2039 848 2084 aut
863 2029 989 2103 duplicia.
1018 2029 1080 2084 sim·

129 2115 209 2189 plicia
230 2106 333 2187 sunt‚⁴
359 2115 386 2168 ln
415 2112 510 2185 quibus
533 2113 601 2168 alter
622 2121 712 2182 actor,
742 2113 809 2168 alter
830 2127 892 2168 reus
915 2121 966 2168 est:
991 2112 1079 2184 qualia

130 2206 198 2254 sunt
214 2198 301 2252 omnia
316 2195 484 2251 restitutoria
499 2203 545 2251 aut
559 2195 731 2252 exhibitoria:
753 2212 866 2268 namque
879 2204 953 2252 actor
967 2203 1020 2267 est,
1035 2197 1080 2268 qui

133 2281 269 2337 desiderat
284 2287 330 2335 aut
345 2278 463 2335 exhiberi
478 2287 525 2335 aut
539 2281 661 2351 restitui,
676 2296 738 2336 reus
752 2281 789 2352 is,
805 2295 819 2334 a
835 2297 888 2352 quo
904 2279 1080 2349 desideratur,

129 2374 163 2421 ut
170 2366 301 2421 'restituat
311 2369 356 2419 aut
367 2362 498 2419 exhibeat.
521 2361 759 2435 prohibitoriorum
774 2371 861 2419 autem
877 2364 1079 2420 interdictorum

129 2449 181 2505 alia
202 2447 329 2521 simplicia
350 2454 427 2516 sunt,
448 2444 498 2502 alia
518 2446 641 2520 duplicia.
679 2446 809 2519 simplicia
823 2456 900 2518 sunt,
922 2448 1005 2504 veluti
1020 2464 1080 2504 cum

128 2531 257 2607 prohibet
282 2540 389 2603 praetor
410 2533 437 2586 in
458 2529 518 2586 loco
540 2545 617 2586 sacro
636 2530 679 2586 rel
697 2532 725 2586 in
745 2529 855 2586 ilumine
870 2531 976 2605 publico
991 2533 1081 2604 ripave

130 2617 189 2672 eius
206 2613 306 2688 aliquid
327 2613 384 2668 lieri
404 2605 478 2690 (nam
500 2620 644 2684 auctorest,
668 2615 713 2686 qui
728 2614 874 2685 desiderat,
897 2633 930 2672 ne
946 2615 1009 2688 quid
1025 2614 1080 2686 fiat,

129 2716 205 2769 reus,
221 2701 268 2772 qui
283 2696 381 2770 aliquid
393 2696 479 2752 iacere
489 2694 627 2769 conatur):
643 2698 757 2772 duplicia
771 2706 834 2754 sunt
848 2699 930 2753 veluti
944 2715 999 2755 στι
1010 2713 1081 2755 eos·

130 2797 256 2842 s1onn1s
270 2780 441 2836 interdictum
453 2789 480 2836 et
491 2797 616 2838 nouum.
648 2781 708 2838 ideo
719 2792 807 2837 autem
819 2781 933 2854 duplicia
943 2791 1080 2852 vocantur,

130 2868 193 2942 quia
208 2881 257 2939 par
272 2865 412 2937 utriusque
427 2863 571 2938 litigatoris
586 2867 612 2919 in
628 2865 669 2920 his
684 2865 805 2921 condicio
820 2875 862 2920 est
877 2881 926 2919 uec
940 2867 1081 2938 quisquam

129 2951 277 3025 praecipue
291 2964 354 3003 reus
369 2948 409 3003 vel
422 2957 496 3003 actor
510 2947 696 3022 intellegitur,
712 2948 758 3004 sed
773 2949 957 3020 unusquisque
973 2956 1025 3005 tam
1042 2951 1081 3005 rei

130 3051 211 3108 quam
226 3033 325 3089 actoris
340 3025 598 3104 partemlsustinet.

195 3117 232 3172 lie
253 3115 347 3171 ordine
367 3123 394 3170 et
413 3117 495 3170 veteri
517 3117 589 3171 exitu
610 3115 813 3172 interdictorum
834 3131 1024 3188 supervacuum
1040 3121 1113 3171 est8

201 3345 220 3410 ¹)
239 3344 346 3396 videtur
355 3346 430 3395 codd.
441 3351 489 3395 oet.
503 3351 530 3394 et
538 3345 654 3410 plerique
665 3345 741 3406 inser.
760 3347 818 3399 edd.
836 3345 908 3394 Scir.
922 3351 947 3395 et
959 3345 1007 3394 Kr.
1060 3343 1080 3410 ²)

130 3415 170 3476 ξς.
190 3412 338 3464 3...51.
353 3427 403 3476 per
421 3427 483 3477 quos
498 3427 567 3474 pers.
585 3412 641 3462 nob.
660 3428 715 3477 nup.
735 3410 767 3477 (2.
787 3409 824 3477 9).
893 3412 914 3472 ³)
932 3414 955 3472 ξ.
974 3416 995 3465 l.
1015 3412 1039 3467 Ι,
1057 3414 1082 3463 υἱ

130 3482 189 3535 lion.
206 3487 276 3542 rapt.
294 3481 329 3540 (4,
348 3477 383 3543 2),
434 3476 456 3540 4)
473 3480 511 3527 sic
525 3477 635 3542 Thespii.
654 3479 741 3530 veluti
759 3481 855 3530 addunt
872 3481 945 3530 codd.
963 3482 1020 3530 edd.
1040 3496 1081 3531 eo·

131 3551 187 3599 dem
205 3563 254 3612 quo
270 3548 297 3596 in
315 3546 370 3597 Gai.
388 3548 412 3608 4,
432 3547 478 3596 157
497 3561 597 3596 errore.
649 3545 669 3609 5)
688 3552 776 3611 portes
795 3547 850 3602 Gai.
868 3540 948 3609 τάξιν
970 3547 1080 3612 ΤΙιεορΙι.

881 3627 931 3679 13*
