2500 3890
271 200 307 234 nn
327 199 475 237 nocnrroua
493 202 526 236 nn
543 201 735 238 connuourorua
746 188 802 252 111,
815 189 848 236 24
859 185 921 252 (25).
1015 187 1075 249 143

128 353 185 394 esse
201 337 362 396 locationem
382 350 409 397 et
430 340 653 413 conductionem,
675 341 722 397 sed
745 343 885 415 proprium
906 358 993 416 genus
1013 359 1074 399 esse

31 431 32 486 j
128 429 286 480 contractos.
317 417 417 480 ¹veluti
432 425 467 496 si,
482 440 543 480 cnm
560 441 641 481 unum
656 426 716 498 quis
731 424 827 482 bovem
841 426 953 482 baberet
967 434 993 481 et
1009 427 1072 482 vici·

126 521 174 560 nus
189 507 244 562 eius
260 525 356 577 unum,
373 508 503 581 placuerit
519 509 666 578 intereos,
683 516 713 564 ut
727 525 777 582 per
790 509 874 565 denos
890 509 947 566 dies
962 511 1073 566 invicem

31 631 32 634 ,
126 587 204 645 boves
223 591 438 666 commodarent,
460 599 490 647 ut
510 609 579 665 opus
599 591 733 664 lacerent,
757 600 786 649 et
805 593 874 667 apud
895 594 1008 650 alterurn
1025 593 1073 649 bos

125 674 216 746 periit:
238 691 326 746 neque
348 676 430 732 locati
451 675 493 731 vel
515 675 641 732 conducti
662 692 749 749 neque
764 677 924 733 commodati
946 678 1074 751 competit

126 758 207 823 actio,
230 760 359 830 quianon
375 758 427 816 luit
443 761 591 833 gratuitum
606 759 818 830 commodatum,
837 777 930 816 verum
944 763 1074 834 praescri·

125 841 174 913 ptis
190 841 277 898 verbis
292 843 424 915 agendum
441 851 492 900 est.
529 836 621 899 ²Adeo
637 853 726 898 autem
741 842 945 900 familiaritatem
960 845 1073 918 aliquam
1091 845 1107 892 3

124 925 192 981 inter
213 943 242 982 ae
265 925 362 982 habere
383 927 507 982 videntur
529 929 629 1000 emptio
652 933 680 982 et
700 926 834 998 venditio,
855 929 919 983 item
934 927 1031 984 locatio
1047 936 1075 982 et

124 1009 276 1080 conductio,
291 1018 322 1065 ut
334 1011 363 1066 in
378 1010 535 1083 quibusdam
550 1012 636 1066 causis
652 1013 744 1084 quaeri
757 1011 854 1082 soleat,
870 1021 960 1066 utrum
975 1013 1074 1084 emptio

125 1100 150 1146 et
168 1093 288 1150 venditio
308 1096 497 1166 contrahatur,
519 1111 552 1150 an
566 1095 664 1150 locatio
684 1104 711 1150 et
731 1094 883 1151 conductio.
920 1103 951 1150 ut
966 1110 1027 1150 ecce
1042 1094 1075 1150 de

124 1177 251 1248 praediis,
274 1193 341 1249 quae
356 1187 487 1251 perpetuo
510 1178 667 1252 quibusdam
686 1178 799 1234 fruenda
813 1179 970 1248 traduntur,
990 1177 1075 1234 idest

125 1268 168 1330 ut,
191 1259 317 1333 quamdiu
337 1263 432 1334 pensio
452 1264 507 1317 sive
528 1262 630 1318 reditus
651 1262 762 1335 probis
783 1262 892 1318 domino
912 1269 1073 1336 praestetur,

124 1359 209 1416 neque
223 1346 276 1418 ipsi
290 1345 448 1400 conductori
469 1361 556 1418 neque
571 1345 663 1400 heredi
682 1347 756 1416 eins,
776 1347 850 1401 cuive
865 1346 1015 1402 conductor
1028 1346 1075 1401 he·

123 1443 198 1484 reove
213 1429 272 1483 eius
292 1428 320 1482 id
338 1428 474 1502 praedium
496 1428 645 1484 vendiderit
666 1437 711 1484 aut
726 1428 865 1485 donaverit
880 1438 926 1484 aut
940 1428 1010 1484 dotis
1025 1445 1075 1483 no-

123 1513 191 1568 mine
207 1511 312 1567 dederit
326 1511 411 1568 aliove
426 1529 480 1585 quo
495 1513 576 1567 modo
591 1511 762 1582 alienaverit,
782 1511 887 1568 auierre
902 1512 989 1568 liceat.
1027 1512 1074 1566 sed

124 1595 182 1650 talis
197 1603 354 1652 contractus
371 1597 432 1670 quia
451 1597 522 1652 inter
542 1603 646 1651 veteres
662 1595 831 1651 dubitabatur
845 1604 873 1652 et
887 1613 902 1650 a
916 1594 1073 1669 quibusdam

123 1677 236 1744 locatio,
257 1696 272 1734 a
293 1679 449 1753 quibusdam
469 1679 587 1736 venditio
608 1679 821 1736 existimabatur:
843 1680 887 1735 lex
906 1672 1075 1735 Zenoniauo³

122 1761 174 1818 lata
189 1771 250 1832 est,
265 1779 333 1835 quae
347 1762 555 1837 emphyteuseos
574 1765 724 1820 contractui
739 1765 875 1838 propriam
889 1763 984 1820 statuit
999 1772 1074 1818 natu·

122 1862 177 1903 ram
197 1863 288 1920 neque
307 1848 338 1902 ad
358 1847 518 1904 locationem
537 1863 626 1920 neque
646 1847 677 1902 ad
697 1848 877 1904 venditionem
892 1847 1073 1916 inclinantem,

123 1931 168 1986 aed
188 1933 246 1986 suis
265 1931 434 2004 pactionibus
453 1931 626 1999 iniciendam,
649 1940 676 1988 et
690 1933 713 1986 si
734 1931 841 2004 quidem
856 1931 955 2005 aliquid
968 1939 1074 2003 paetum

124 2013 219 2084 fuerit,
242 2015 295 2071 hoo
314 2017 350 2070 ita
372 2017 510 2088 optinere,
532 2031 563 2070 ac
577 2016 602 2070 si·
616 2025 710 2071 natura
726 2008 808 2070 talio⁴
822 2023 894 2070 esset
908 2021 1073 2082 contractus,

124 2099 164 2154 oin
179 2105 271 2154 autem
286 2099 352 2154 nibil
368 2098 400 2154 de
415 2098 535 2172 periculo
556 2098 595 2153 rei
610 2098 692 2154 luerit
707 2106 829 2171 pactum,
849 2106 915 2152 tunc
929 2099 952 2152 si
966 2096 1073 2169 quidem
1089 2123 1092 2131 ·

124 2185 209 2238 totius
224 2183 264 2237 rei
284 2183 408 2238 interitus
423 2175 595 2251 accesserit,5
610 2181 642 2237 ad
663 2182 799 2237 dominum
814 2197 896 2254 super
909 2181 962 2236 hoc
976 2179 1074 2236 redua-

123 2264 186 2322 dare
200 2265 367 2340 periculum,
389 2266 431 2320 sin
446 2265 630 2340 particularis,
650 2265 683 2320 ad
698 2266 965 2338 emphyteuticalium
980 2265 1072 2320 buius-

123 2349 195 2406 modi
214 2349 340 2404 damnum
361 2351 461 2407 venire.
488 2367 543 2422 quo
558 2351 616 2404 iure
630 2349 740 2404 utimur.
778 2343 862 2405 6item
877 2350 1028 2422 quaeritur,
1051 2349 1075 2404 si
1091 2348 1108 2396 4

123 2449 183 2490 cum
199 2431 308 2490 aurifice
320 2433 390 2490 Titio
405 2435 575 2502 convenerit,
590 2442 622 2488 ut
636 2434 659 2489 is
674 2449 706 2490 er
721 2449 787 2490 auro
802 2450 852 2489 suo
868 2435 934 2490 certi
949 2433 1074 2506 ponderis

123 2525 268 2589 certaeque
289 2517 390 2573 iormae
412 2517 507 2574 anulos
529 2518 554 2573 ei
574 2516 674 2572 iaceret
695 2526 723 2573 et
744 2519 875 2592 acciperet
895 2517 968 2573 verbi
990 2519 1075 2591 gratia

123 2617 220 2658 aureos
236 2600 343 2669 decern,
359 2608 450 2657 utrum
465 2602 565 2674 emptio
581 2609 608 2656 et
621 2601 738 2658 venditio
754 2602 877 2658 contrahi
890 2602 1026 2671 videatur,
1041 2617 1075 2655 an

122 2684 223 2742 locatio
240 2692 267 2739 et
277 2685 439 2741 conductio?
454 2692 482 2740 et
496 2677 621 2740 Cassiusl
637 2686 684 2757 ait,
700 2687 827 2743 materiae
843 2684 950 2760 quidem
962 2685 1075 2756 emptio-

122 2785 185 2826 nem
211 2767 446 2842 venditionemque
471 2768 608 2839 contrahi,
636 2785 733 2843 operae
755 2778 844 2825 autem
866 2769 1025 2824 locationem
1048 2774 1076 2822 et

123 2852 339 2910 conductionem.
382 2851 429 2908 sed
451 2852 568 2925 placuit,
591 2860 694 2909 tautum
716 2855 878 2927 emptionem
899 2859 926 2906 et
946 2850 1076 2906 venditio·

192 3114 212 3179 ¹)
228 3116 337 3178 screa
354 3117 386 3165 L.
410 3116 451 3166 l‘l.
474 3115 498 3176 §-
522 3119 546 3166 3.
567 3117 599 3168 D.
622 3118 653 3166 de
678 3130 794 3179 praescr.
821 3115 889 3169 oerbL
912 3115 967 3178 (19,
991 3113 1018 3178 d)
1040 3131 1075 3164 em

125 3183 185 3248 Uip.
205 3187 221 3233 l.
240 3183 272 3232 28
290 3185 382 3233 oded.
483 3181 504 3244 ²)
523 3182 673 3233 ...heredi
695 3182 1074 3246 cruciere=uata14o

123 3249 144 3315 8)
163 3249 197 3299 L.
215 3253 238 3301 7.
259 3251 285 3300 0.
305 3252 337 3300 de
358 3253 376 3301 i.
400 3250 506 3314 empbyi.
526 3248 564 3314 (4,
583 3246 634 3312 66).
735 3247 756 3310 ⁴)
774 3265 810 3300 eac
831 3251 934 3300 Ferreti
949 3251 979 3299 ci.
1003 3265 1075 3314 quom

123 3319 256 3380 confimat
275 3315 386 3380 Tbeopb.
404 3317 537 3367 naturalia
555 3318 627 3366 codd.
646 3318 703 3366 edd.
722 3315 795 3367 Salar.
813 3323 839 3366 et
856 3317 905 3366 Kr.
986 3311 1007 3380 ⁵)
1024 3333 1075 3370 ecr.

123 3387 222 3434 uidetur
241 3384 373 3435 acciderit
395 3379 512 3448 γένηται
535 3376 636 3447 φθορά
656 3384 765 3448 Tbeopia.
853 3383 873 3448 ⁶)
889 3385 947 3447 fere
1017 3385 1072 3436 Gai.

125 3452 150 3512 3,
168 3454 223 3504 147.
291 3452 313 3515 ²)
335 3451 359 3500 T
376 3451 484 3516 Tbeopb.
505 3455 532 3501 et
549 3466 595 3500 om.
614 3449 639 3498 B
658 3451 714 3501 Gai.
