2472 3896
161 172 226 222 XVI
560 185 718 222 serminio.

159 326 189 398 8,
213 325 240 382 t.
271 325 321 396 11,
342 342 382 400 pt.
407 325 435 380 t.
458 323 513 397 13,
532 341 572 398 pt.
594 323 689 382 5.10.
713 323 768 394 14,
782 323 895 399 peut,
912 325 938 380 1.
956 325 985 383 7.
1016 323 1063 394 16,
1081 327 1111 380 1.

162 409 215 480 18,
233 409 261 466 5.
278 408 305 465 8.
1075 403 1077 410 ’

223 493 345 549 Ceterum
362 493 491 546 vanientes
506 490 636 548 lectiones
651 491 684 546 ad
698 508 746 547 cos
760 500 863 547 tontum
878 491 955 548 iocos
969 493 1069 563 notavi,
1083 493 1112 547 in

160 574 257 648 quibus
279 576 366 631 adhuc
386 574 465 630 dubio
485 575 564 630 lectio
585 575 739 645 videbatur,
759 577 786 630 in
801 577 886 648 iisque
902 585 1010 648 praeter
1024 575 1113 631 Theo·

159 660 263 732 philum
277 667 397 716 veterum
412 667 515 714 tantum
532 657 652 714 codicum
668 667 695 714 et
715 675 747 714 ex
768 658 929 715 editionibus
944 658 1113 714 Schraderin·

159 759 210 800 nee
225 751 252 798 et
271 741 468 816 Kruegerieuae
488 743 643 797 nominatim
664 743 793 798 rationem
809 741 903 813 hebui,
926 750 1113 816 apparatum,

160 835 191 881 ut
205 828 256 882 iam
271 827 339 899 dixi,
355 843 434 895 usus,
451 841 530 901 quein
545 827 594 882 hae
609 825 740 882 editiones
754 827 935 899 suppeditant.

336 1003 604 1079 SIGNORUM
629 1002 944 1078 EXPLIOATIO.

166 1174 194 1222 V
207 1193 240 1214 ---
259 1173 342 1222 codex
363 1171 543 1234 Veronensis,
567 1170 705 1235 pandectis
721 1171 886 1222 Florentinis
908 1171 962 1222 fere
985 1187 1114 1234 cooevus3

195 1244 303 1304 praeter
325 1238 439 1288 indicem
460 1238 602 1288 titulorum
625 1253 710 1301 nsque
728 1239 761 1288 ed
778 1239 833 1301 111,
853 1243 876 1289 d.
913 1240 1035 1290 continet
1053 1245 1115 1290 tun-

196 1316 252 1355 tum
270 1305 400 1370 prooemii
421 1304 499 1354 finem
517 1305 641 1355 acerbis
659 1306 683 1366 5.
701 1307 725 1356 ὅ.
744 1306 793 1355 ‘ab
810 1305 959 1371 imperioli’
978 1311 1004 1356 et
1021 1307 1084 1358 libri
1101 1307 1116 1357 I

195 1374 253 1425 titt.
272 1377 286 1422 1
304 1377 331 1422 et
348 1375 372 1424 2.

162 1441 235 1492 tt=
253 1441 337 1492 codex
362 1439 425 1488 olim
448 1439 621 1502 Resupnum,
648 1453 720 1488 nunc
747 1439 930 1489 Berolinensis
958 1439 1041 1489 seculi
1061 1439 1114 1498 IX3

196 1511 316 1559 continet
332 1505 411 1556 finem
428 1508 636 1558 Institutionum
653 1507 715 1556 inde
733 1521 750 1555 a
766 1507 858 1557 verbis
876 1507 922 1567 IV,
942 1508 981 1568 18,
999 1509 1023 1558 d.
1058 1512 1117 1558 ‘eos

197 1576 244 1640 qui
260 1575 401 1625 hominee’.

163 1645 188 1694 A
200 1664 234 1684 =
245 1643 292 1692 lex
309 1641 433 1690 Romano
448 1640 576 1688 canonice
588 1641 695 1703 compta
712 1654 728 1687 a
743 1637 898 1688 Monesenio
911 1640 1023 1703 primum
1042 1641 1116 1692 editu

198 1708 323 1770 (Vindob.
352 1707 444 1767 1860),
470 1721 524 1756 una
553 1721 613 1754 cum
638 1703 800 1772 collectione
830 1705 954 1756 Anselmo
980 1707 1115 1772 dedicata,

198 1790 230 1825 ex
249 1774 325 1825 codd.
343 1772 477 1822 Parisinis
500 1778 527 1821 et
545 1771 734 1835 Bembergensi
755 1771 840 1821 seculi
857 1773 895 1821 IX
914 1777 942 1823 et
960 1773 993 1823 X.
1013 1776 1039 1825 ei
1056 1780 1116 1825 tan·

197 1847 254 1892 tum
271 1842 365 1890 insunt
383 1839 457 1889 tituli
474 1840 610 1902 1,1...4.
628 1840 849 1902 8...10.12.11,
868 1842 929 1890 1.r.
948 1841 972 1891 6.
993 1844 1025 1898 14
1042 1843 1116 1907 (petr-

198 1909 255 1970 tim)
276 1906 614 1971 111,o(parttm)15.19.
634 1906 685 1967 IV,
705 1907 803 1960 1...4.
822 1909 845 1957 8.
865 1909 888 1956 9.
908 1908 947 1958 18.

165 1977 190 2026 Β
201 1997 235 2018 =
247 1975 331 2025 codex
349 1971 552 2036 chbergensis
570 1972 653 2022 seculi
670 1972 709 2023 IX
726 1973 770 2022 vel
787 1974 821 2022 X.

168 2045 235 2094 T=
248 2042 329 2092 codex
345 2041 518 2090 Taurinensis
542 2039 624 2089 seculi
642 2039 680 2090 IX
697 2039 742 2088 vel
760 2039 786 2088 X
803 2039 925 2090 continet
949 2047 1054 2092 tuntum
1077 2041 1116 2092 di·

197 2125 290 2162 verses
308 2115 399 2175 partes
418 2108 499 2157 trium
516 2107 634 2171 priorum
650 2105 787 2156 librorum.

167 2179 237 2228 0·.-
255 2176 321 2227 folia
343 2179 374 2226 21
397 2175 516 2240 disperse
541 2175 570 2224 in
592 2174 729 2224 codicibus
755 2175 913 2236 monasterii
939 2177 1039 2226 montis
1067 2175 1117 2226 Oe·

199 2245 253 2296 sini
275 2243 362 2294 seculi
383 2243 408 2291 X
425 2242 467 2292 vel
489 2242 537 2292 XI.
561 2241 700 2291 continent
723 2245 813 2304 portes
835 2241 917 2291 trium
938 2244 1116 2306 posteriorum

200 2311 338 2361 librorum.

166 2380 192 2428 P
207 2399 240 2419 =
260 2378 342 2426 codex
360 2376 502 2426 Parisinus
520 2375 606 2424 seculi
623 2375 670 2424 XI.

165 2445 190 2494 E
202 2465 235 2486 =
253 2445 337 2492 codex
355 2442 560 2506 Bambergensis
578 2440 666 2491 seculi
682 2439 720 2488 XI
738 2441 781 2490 vei
800 2440 861 2490 XII.

171 2514 207 2562 W
222 2533 254 2552 =
274 2509 356 2560 codex
385 2509 447 2559 olim
476 2507 695 2569 Wallrafiianns,
728 2522 800 2556 nunc
834 2507 954 2560 civitatis
985 2509 1116 2561 Coloniae

198 2578 375 2644 Agrippinae,
395 2575 482 2626 seculi
499 2575 559 2624 XII.

232 2644 351 2694 BPEW
366 2645 506 2692 continent
523 2643 657 2704 integrum
675 2640 880 2692 Institutionum
900 2659 1003 2710 corpus.
1039 2641 1117 2694 Codi-

199 2728 258 2762 cum
281 2712 358 2775 signo
382 2710 473 2759 addite
494 2709 598 2757 minuta
615 2707 708 2757 littera
725 2713 735 2738 ⁸
754 2707 890 2772 significat
912 2713 1024 2776 primam
1050 2710 1116 2756 scri-

198 2785 321 2844 pturam,
345 2775 357 2810 ¹³
380 2793 440 2827 eam
468 2776 645 2836 emendatam,
675 2777 880 2826 ‘emendatam
907 2790 1000 2826 rursus
1029 2785 1115 2822 emen·

198 2847 298 2897 datam.

165 2916 238 2965 codd.
255 2919 303 2963 oet.
315 2933 348 2953 π
360 2910 465 2960 codices
483 2909 602 2973 praefati
619 2911 742 2972 veteres,
762 2915 894 2976 quotquot
911 2921 1002 2958 eornm
1019 2905 1115 2972 Iocum,

200 2980 234 3029 ad
252 2995 328 3044 quem
345 2977 518 3041 adlegantur‚
536 2975 684 3028 continent.

166 3049 239 3097 codd.
252 3047 371 3109 infer.=
386 3045 491 3094 codices
514 3042 652 3092 inferiores
674 3042 691 3093 i.
709 3058 730 3094 e.
753 3051 816 3110 poet
839 3041 973 3092 conditum
997 3039 1116 3092 scholam

200 3113 407 3174 Bononiensem,
425 3112 464 3161 ita
482 3114 512 3159 ut
530 3111 562 3160 ab
580 3124 613 3159 ca
629 3109 743 3174 pendere
760 3112 910 3169 videantur,
929 3109 1034 3174 scripti,

232 3180 392 3230 Accuratior
415 3179 535 3228 codicum
557 3192 620 3230 mss.
643 3178 762 3240 cognitio
785 3193 817 3227 ex
839 3176 870 3224 E.
892 3173 1032 3225 Schraderi
1055 3191 1116 3240 pro·

200 3249 292 3298 dromo
316 3262 388 3310 corp.
411 3245 461 3295 inr.
483 3247 533 3296 civ.
556 3243 648 3294 Berol.
669 3248 740 3298 1823.
765 3243 938 3307 eiusdemque
956 3246 1055 3294 maiore
1072 3244 1116 3292 In-

200 3315 374 3365 stitutionum
392 3313 431 3362 ed.
444 3314 556 3362 maxime
568 3312 666 3362 moniti
682 3312 717 3360 ad
735 3311 796 3360 lect.
817 3326 841 3375 p.
855 3311 893 3358 tx
905 3347 910 3360 .
924 3348 929 3362 .
942 3313 1024 3364 .XIII
1041 3316 1068 3362 et
1085 3325 1117 3360 ex

200 3383 230 3432 P.
249 3381 382 3445 Kruegeri
399 3380 441 3432 ed.
461 3381 552 3431 Instit.
569 3396 595 3445 p.
615 3379 647 3428 V.
666 3378 712 3428 VI.
730 3377 879 3426 haurienda
898 3384 947 3430 est.

167 3451 225 3499 edd.
244 3447 316 3503 Scdr.
335 3449 384 3502 Kr.
401 3468 435 3488 ==
452 3448 582 3498 editiones
601 3443 749 3506 Schmderi,
769 3444 908 3508 Kruegeri.

544 3529 744 3541 ..—-..--—
