<?xml version="1.0" encoding="UTF-8"?>
<!DOCTYPE html PUBLIC "-//W3C//DTD XHTML 1.0 Transitional//EN"
    "http://www.w3.org/TR/xhtml1/DTD/xhtml1-transitional.dtd">
<html xmlns="http://www.w3.org/1999/xhtml" xml:lang="en" lang="en">
 <head>
  <title>
</title>
<meta http-equiv="Content-Type" content="text/html;charset=utf-8" />
  <meta name='ocr-system' content='tesseract 3.04.00' />
  <meta name='ocr-capabilities' content='ocr_page ocr_carea ocr_par ocr_line ocrx_word'/>
</head>
<body>
  <div class='ocr_page' id='page_1' title='image "./impiustinianiin00huscgoog_0056.png"; bbox 0 0 2472 3896; ppageno 0'>
   <div class='ocr_carea' id='block_1_1' title="bbox 218 207 1088 272">
    <p class='ocr_par' dir='ltr' id='par_1_1' title="bbox 218 207 1088 272">
     <span class='ocr_line' id='line_1_1' title="bbox 218 207 1088 272; baseline 0.002 -14"><span class='ocrx_word' id='word_1_1' title='bbox 218 224 254 258; x_wconf 84' lang='lat' dir='ltr'><strong>nra</strong></span> <span class='ocrx_word' id='word_1_2' title='bbox 274 221 505 262; x_wconf 74' lang='lat' dir='ltr'><strong>excusarroursus</strong></span> <span class='ocrx_word' id='word_1_3' title='bbox 523 221 656 258; x_wconf 80' lang='lat' dir='ltr'><strong>rurosun</strong></span> <span class='ocrx_word' id='word_1_4' title='bbox 672 223 726 259; x_wconf 80' lang='lat' dir='ltr'><strong>vsr.</strong></span> <span class='ocrx_word' id='word_1_5' title='bbox 744 220 908 258; x_wconf 69' lang='lat' dir='ltr'><strong>cunerono!</strong></span> <span class='ocrx_word' id='word_1_6' title='bbox 925 208 946 272; x_wconf 92' lang='lat'><strong>1,</strong></span> <span class='ocrx_word' id='word_1_7' title='bbox 963 210 1005 260; x_wconf 78' lang='lat'><strong>25.</strong></span> <span class='ocrx_word' id='word_1_8' title='bbox 1049 207 1088 270; x_wconf 86' lang='lat'><strong>31</strong></span> 
     </span>
    </p>
   </div>
   <div class='ocr_carea' id='block_1_2' title="bbox 134 361 1122 604">
    <p class='ocr_par' dir='ltr' id='par_1_2' title="bbox 134 361 1122 604">
     <span class='ocr_line' id='line_1_2' title="bbox 199 361 1122 437; baseline 0.004 -19"><span class='ocrx_word' id='word_1_9' title='bbox 199 361 341 419; x_wconf 84' lang='lat' dir='ltr'><strong>Sciendum</strong></span> <span class='ocrx_word' id='word_1_10' title='bbox 357 371 446 420; x_wconf 91' lang='lat' dir='ltr'><strong>autem</strong></span> <span class='ocrx_word' id='word_1_11' title='bbox 461 373 513 434; x_wconf 89' lang='lat' dir='ltr'><strong>est,</strong></span> <span class='ocrx_word' id='word_1_12' title='bbox 529 379 582 419; x_wconf 90' lang='lat' dir='ltr'><strong>non</strong></span> <span class='ocrx_word' id='word_1_13' title='bbox 598 362 686 419; x_wconf 89' lang='lat' dir='ltr'><strong>solnm</strong></span> <span class='ocrx_word' id='word_1_14' title='bbox 706 370 811 419; x_wconf 88' lang='lat' dir='ltr'><strong>tutores</strong></span> <span class='ocrx_word' id='word_1_15' title='bbox 826 361 869 419; x_wconf 90' lang='lat' dir='ltr'><strong>vel</strong></span> <span class='ocrx_word' id='word_1_16' title='bbox 884 371 1023 419; x_wconf 80' lang='lat' dir='ltr'>curatores</span> <span class='ocrx_word' id='word_1_17' title='bbox 1036 378 1087 437; x_wconf 55' lang='lat' dir='ltr'><strong>pu*</strong></span> <span class='ocrx_word' id='word_1_18' title='bbox 1107 373 1122 422; x_wconf 81' lang='lat'>2</span> 
     </span>
     <span class='ocr_line' id='line_1_3' title="bbox 135 445 1090 520; baseline 0.001 -19"><span class='ocrx_word' id='word_1_19' title='bbox 135 445 206 520; x_wconf 92' lang='lat' dir='ltr'><strong>pillis</strong></span> <span class='ocrx_word' id='word_1_20' title='bbox 222 455 249 503; x_wconf 91' lang='lat' dir='ltr'><strong>et</strong></span> <span class='ocrx_word' id='word_1_21' title='bbox 265 447 361 503; x_wconf 90' lang='lat' dir='ltr'><strong>adultis</strong></span> <span class='ocrx_word' id='word_1_22' title='bbox 385 449 536 519; x_wconf 86' lang='lat' dir='ltr'><strong>ceterisque</strong></span> <span class='ocrx_word' id='word_1_23' title='bbox 551 446 674 520; x_wconf 89' lang='lat' dir='ltr'><strong>personis</strong></span> <span class='ocrx_word' id='word_1_24' title='bbox 696 463 727 502; x_wconf 82' lang='lat' dir='ltr'><strong>en</strong></span> <span class='ocrx_word' id='word_1_25' title='bbox 748 446 977 503; x_wconf 80' lang='lat' dir='ltr'><strong>administratione</strong></span> <span class='ocrx_word' id='word_1_26' title='bbox 992 449 1090 518; x_wconf 84' lang='lat' dir='ltr'><strong>teneri,</strong></span> 
     </span>
     <span class='ocr_line' id='line_1_4' title="bbox 134 523 1091 604; baseline 0.003 -20"><span class='ocrx_word' id='word_1_27' title='bbox 134 529 276 586; x_wconf 85' lang='lat' dir='ltr'><strong>sedetiam</strong></span> <span class='ocrx_word' id='word_1_28' title='bbox 295 531 324 586; x_wconf 91' lang='lat' dir='ltr'><strong>in</strong></span> <span class='ocrx_word' id='word_1_29' title='bbox 344 545 405 602; x_wconf 89' lang='lat' dir='ltr'><strong>eos,</strong></span> <span class='ocrx_word' id='word_1_30' title='bbox 429 533 474 604; x_wconf 93' lang='lat' dir='ltr'><strong>qui</strong></span> <span class='ocrx_word' id='word_1_31' title='bbox 497 523 715 586; x_wconf 86' lang='lat' dir='ltr'><strong>satisdationem¹</strong></span> <span class='ocrx_word' id='word_1_32' title='bbox 738 532 885 603; x_wconf 89' lang='lat' dir='ltr'><strong>acciplunt,</strong></span> <span class='ocrx_word' id='word_1_33' title='bbox 907 529 1091 586; x_wconf 73' lang='lat' dir='ltr'><strong>subsidiariam</strong></span> 
     </span>
    </p>
   </div>
   <div class='ocr_carea' id='block_1_3' title="bbox 133 613 1123 1522">
    <p class='ocr_par' dir='ltr' id='par_1_3' title="bbox 133 613 1123 1522">
     <span class='ocr_line' id='line_1_5' title="bbox 135 613 1089 688; baseline 0.002 -20"><span class='ocrx_word' id='word_1_34' title='bbox 135 615 268 670; x_wconf 83' lang='lat' dir='ltr'><strong>actionem</strong></span> <span class='ocrx_word' id='word_1_35' title='bbox 291 629 364 682; x_wconf 88' lang='lat' dir='ltr'><strong>esse,</strong></span> <span class='ocrx_word' id='word_1_36' title='bbox 392 630 460 688; x_wconf 89' lang='lat' dir='ltr'><strong>quae</strong></span> <span class='ocrx_word' id='word_1_37' title='bbox 483 614 605 669; x_wconf 91' lang='lat' dir='ltr'><strong>ultimum</strong></span> <span class='ocrx_word' id='word_1_38' title='bbox 633 615 671 669; x_wconf 91' lang='lat' dir='ltr'><strong>eis</strong></span> <span class='ocrx_word' id='word_1_39' title='bbox 693 614 855 687; x_wconf 80' lang='lat' dir='ltr'><strong>praesidium</strong></span> <span class='ocrx_word' id='word_1_40' title='bbox 877 616 964 688; x_wconf 91' lang='lat' dir='ltr'><strong>possit</strong></span> <span class='ocrx_word' id='word_1_41' title='bbox 986 613 1089 670; x_wconf 80' lang='lat' dir='ltr'><strong>afferro.</strong></span> 
     </span>
     <span class='ocr_line' id='line_1_6' title="bbox 134 695 1089 770; baseline 0 -18"><span class='ocrx_word' id='word_1_42' title='bbox 134 695 294 753; x_wconf 88' lang='lat' dir='ltr'><strong>subsidiaria</strong></span> <span class='ocrx_word' id='word_1_43' title='bbox 309 705 397 754; x_wconf 88' lang='lat' dir='ltr'><strong>autem</strong></span> <span class='ocrx_word' id='word_1_44' title='bbox 413 699 482 754; x_wconf 89' lang='lat' dir='ltr'><strong>actio</strong></span> <span class='ocrx_word' id='word_1_45' title='bbox 499 697 576 752; x_wconf 89' lang='lat' dir='ltr'><strong>datur</strong></span> <span class='ocrx_word' id='word_1_46' title='bbox 591 699 618 753; x_wconf 93' lang='lat' dir='ltr'><strong>in</strong></span> <span class='ocrx_word' id='word_1_47' title='bbox 633 713 696 767; x_wconf 91' lang='lat' dir='ltr'><strong>eos,</strong></span> <span class='ocrx_word' id='word_1_48' title='bbox 721 699 766 770; x_wconf 88' lang='lat' dir='ltr'><strong>qui</strong></span> <span class='ocrx_word' id='word_1_49' title='bbox 781 697 822 753; x_wconf 89' lang='lat' dir='ltr'><strong>vel</strong></span> <span class='ocrx_word' id='word_1_50' title='bbox 837 699 946 753; x_wconf 90' lang='lat' dir='ltr'><strong>omuino</strong></span> <span class='ocrx_word' id='word_1_51' title='bbox 962 713 977 752; x_wconf 88' lang='lat' dir='ltr'><strong>a</strong></span> <span class='ocrx_word' id='word_1_52' title='bbox 992 699 1089 753; x_wconf 86' lang='lat' dir='ltr'><strong>tutori-</strong></span> 
     </span>
     <span class='ocr_line' id='line_1_7' title="bbox 134 779 1090 852; baseline 0.001 -16"><span class='ocrx_word' id='word_1_53' title='bbox 134 779 184 836; x_wconf 89' lang='lat' dir='ltr'><strong>bus</strong></span> <span class='ocrx_word' id='word_1_54' title='bbox 199 781 242 836; x_wconf 85' lang='lat' dir='ltr'><strong>vel</strong></span> <span class='ocrx_word' id='word_1_55' title='bbox 256 781 426 837; x_wconf 77' lang='lat' dir='ltr'><strong>curatoribus</strong></span> <span class='ocrx_word' id='word_1_56' title='bbox 447 780 568 836; x_wconf 91' lang='lat' dir='ltr'><strong>satisdari</strong></span> <span class='ocrx_word' id='word_1_57' title='bbox 590 797 645 836; x_wconf 93' lang='lat' dir='ltr'><strong>non</strong></span> <span class='ocrx_word' id='word_1_58' title='bbox 667 781 828 852; x_wconf 83' lang='lat' dir='ltr'><strong>curaverint,</strong></span> <span class='ocrx_word' id='word_1_59' title='bbox 850 789 897 837; x_wconf 92' lang='lat' dir='ltr'><strong>aut</strong></span> <span class='ocrx_word' id='word_1_60' title='bbox 918 797 973 836; x_wconf 91' lang='lat' dir='ltr'><strong>non</strong></span> <span class='ocrx_word' id='word_1_61' title='bbox 994 781 1090 838; x_wconf 90' lang='lat' dir='ltr'><strong>idonee</strong></span> 
     </span>
     <span class='ocr_line' id='line_1_8' title="bbox 134 864 1091 938; baseline 0.001 -19"><span class='ocrx_word' id='word_1_62' title='bbox 134 866 206 938; x_wconf 90' lang='lat' dir='ltr'><strong>passi</strong></span> <span class='ocrx_word' id='word_1_63' title='bbox 221 871 313 920; x_wconf 89' lang='lat' dir='ltr'><strong>essent</strong></span> <span class='ocrx_word' id='word_1_64' title='bbox 327 866 423 921; x_wconf 89' lang='lat' dir='ltr'><strong>caveri.</strong></span> <span class='ocrx_word' id='word_1_65' title='bbox 461 881 528 938; x_wconf 89' lang='lat' dir='ltr'><strong>quae</strong></span> <span class='ocrx_word' id='word_1_66' title='bbox 543 864 650 937; x_wconf 88' lang='lat' dir='ltr'><strong>quidem</strong></span> <span class='ocrx_word' id='word_1_67' title='bbox 671 873 723 918; x_wconf 90' lang='lat' dir='ltr'><strong>tam</strong></span> <span class='ocrx_word' id='word_1_68' title='bbox 744 881 776 920; x_wconf 83' lang='lat' dir='ltr'><strong>er</strong></span> <span class='ocrx_word' id='word_1_69' title='bbox 791 864 963 938; x_wconf 90' lang='lat' dir='ltr'><strong>prudentium</strong></span> <span class='ocrx_word' id='word_1_70' title='bbox 978 879 1091 937; x_wconf 88' lang='lat' dir='ltr'><strong>respon-</strong></span> 
     </span>
     <span class='ocr_line' id='line_1_9' title="bbox 134 946 1090 1022; baseline 0 -19"><span class='ocrx_word' id='word_1_71' title='bbox 134 949 172 1003; x_wconf 90' lang='lat' dir='ltr'><strong>s&#39;is</strong></span> <span class='ocrx_word' id='word_1_72' title='bbox 188 965 267 1022; x_wconf 89' lang='lat' dir='ltr'><strong>quam</strong></span> <span class='ocrx_word' id='word_1_73' title='bbox 282 964 314 1004; x_wconf 81' lang='lat' dir='ltr'><strong>ex</strong></span> <span class='ocrx_word' id='word_1_74' title='bbox 329 947 565 1004; x_wconf 79' lang='lat' dir='ltr'><strong>constitutionibus</strong></span> <span class='ocrx_word' id='word_1_75' title='bbox 579 946 760 1021; x_wconf 85' lang='lat' dir='ltr'><strong>imperialibus</strong></span> <span class='ocrx_word' id='word_1_76' title='bbox 775 953 804 1003; x_wconf 92' lang='lat' dir='ltr'><strong>et</strong></span> <span class='ocrx_word' id='word_1_77' title='bbox 822 948 850 1002; x_wconf 93' lang='lat' dir='ltr'><strong>in</strong></span> <span class='ocrx_word' id='word_1_78' title='bbox 871 949 981 1003; x_wconf 88' lang='lat' dir='ltr'><strong>heredes</strong></span> <span class='ocrx_word' id='word_1_79' title='bbox 997 963 1090 1004; x_wconf 88' lang='lat' dir='ltr'><strong>eornm</strong></span> 
     </span>
     <span class='ocr_line' id='line_1_10' title="bbox 135 1030 1123 1105; baseline 0.003 -18"><span class='ocrx_word' id='word_1_80' title='bbox 135 1032 300 1088; x_wconf 80' lang='lat' dir='ltr'><strong>extenditur.</strong></span> <span class='ocrx_word' id='word_1_81' title='bbox 330 1031 430 1100; x_wconf 86' lang='lat' dir='ltr'><strong>Quibus</strong></span> <span class='ocrx_word' id='word_1_82' title='bbox 443 1032 682 1088; x_wconf 89' lang='lat' dir='ltr'><strong>constitutionibus</strong></span> <span class='ocrx_word' id='word_1_83' title='bbox 695 1041 722 1086; x_wconf 89' lang='lat' dir='ltr'><strong>at</strong></span> <span class='ocrx_word' id='word_1_84' title='bbox 732 1030 797 1086; x_wconf 90' lang='lat' dir='ltr'><strong>illud</strong></span> <span class='ocrx_word' id='word_1_85' title='bbox 806 1032 975 1105; x_wconf 80' lang='lat' dir='ltr'><strong>exprimitur,</strong></span> <span class='ocrx_word' id='word_1_86' title='bbox 986 1042 1027 1104; x_wconf 83' lang='lat' dir='ltr'><strong>ut,</strong></span> <span class='ocrx_word' id='word_1_87' title='bbox 1037 1033 1090 1088; x_wconf 84' lang='lat' dir='ltr'><strong>nisi</strong></span> <span class='ocrx_word' id='word_1_88' title='bbox 1107 1043 1123 1090; x_wconf 88' lang='lat'><strong>3</strong></span> 
     </span>
     <span class='ocr_line' id='line_1_11' title="bbox 134 1114 1088 1189; baseline -0.001 -17"><span class='ocrx_word' id='word_1_89' title='bbox 134 1123 245 1172; x_wconf 89' lang='lat' dir='ltr'><strong>caveant</strong></span> <span class='ocrx_word' id='word_1_90' title='bbox 260 1122 367 1172; x_wconf 88' lang='lat' dir='ltr'><strong>tutores</strong></span> <span class='ocrx_word' id='word_1_91' title='bbox 381 1116 423 1171; x_wconf 86' lang='lat' dir='ltr'><strong>vel</strong></span> <span class='ocrx_word' id='word_1_92' title='bbox 438 1123 593 1185; x_wconf 85' lang='lat' dir='ltr'><strong>curatores,</strong></span> <span class='ocrx_word' id='word_1_93' title='bbox 614 1114 774 1189; x_wconf 78' lang='lat' dir='ltr'><strong>pignoribus</strong></span> <span class='ocrx_word' id='word_1_94' title='bbox 796 1116 881 1188; x_wconf 91' lang='lat' dir='ltr'><strong>captis</strong></span> <span class='ocrx_word' id='word_1_95' title='bbox 904 1123 1088 1172; x_wconf 85' lang='lat' dir='ltr'><strong>coerceantur.</strong></span> 
     </span>
     <span class='ocr_line' id='line_1_12' title="bbox 133 1198 1123 1274; baseline 0.002 -20"><span class='ocrx_word' id='word_1_96' title='bbox 133 1198 228 1272; x_wconf 84' lang='lat' dir='ltr'><strong>Neque</strong></span> <span class='ocrx_word' id='word_1_97' title='bbox 250 1207 338 1255; x_wconf 89' lang='lat' dir='ltr'><strong>autem</strong></span> <span class='ocrx_word' id='word_1_98' title='bbox 361 1199 510 1274; x_wconf 80' lang='lat' dir='ltr'><strong>praefectus</strong></span> <span class='ocrx_word' id='word_1_99' title='bbox 533 1198 606 1256; x_wconf 89' lang='lat' dir='ltr'><strong>urbis</strong></span> <span class='ocrx_word' id='word_1_100' title='bbox 629 1215 717 1271; x_wconf 88' lang='lat' dir='ltr'><strong>neque</strong></span> <span class='ocrx_word' id='word_1_101' title='bbox 739 1207 848 1271; x_wconf 89' lang='lat' dir='ltr'><strong>praetor</strong></span> <span class='ocrx_word' id='word_1_102' title='bbox 871 1213 959 1272; x_wconf 91' lang='lat' dir='ltr'><strong>neque</strong></span> <span class='ocrx_word' id='word_1_103' title='bbox 981 1211 1089 1273; x_wconf 87' lang='lat' dir='ltr'><strong>praeses</strong></span> <span class='ocrx_word' id='word_1_104' title='bbox 1107 1209 1123 1256; x_wconf 84' lang='lat'>4</span> 
     </span>
     <span class='ocr_line' id='line_1_13' title="bbox 134 1281 1091 1356; baseline 0.001 -19"><span class='ocrx_word' id='word_1_105' title='bbox 134 1283 286 1355; x_wconf 88' lang='lat' dir='ltr'><strong>provinciae</strong></span> <span class='ocrx_word' id='word_1_106' title='bbox 308 1299 396 1355; x_wconf 88' lang='lat' dir='ltr'><strong>neque</strong></span> <span class='ocrx_word' id='word_1_107' title='bbox 419 1285 478 1356; x_wconf 91' lang='lat' dir='ltr'><strong>quis</strong></span> <span class='ocrx_word' id='word_1_108' title='bbox 501 1282 583 1353; x_wconf 92' lang='lat' dir='ltr'><strong>alius,</strong></span> <span class='ocrx_word' id='word_1_109' title='bbox 605 1283 648 1337; x_wconf 92' lang='lat' dir='ltr'><strong>cui</strong></span> <span class='ocrx_word' id='word_1_110' title='bbox 671 1289 775 1338; x_wconf 89' lang='lat' dir='ltr'><strong>tutores</strong></span> <span class='ocrx_word' id='word_1_111' title='bbox 797 1281 877 1338; x_wconf 89' lang='lat' dir='ltr'><strong>dandi</strong></span> <span class='ocrx_word' id='word_1_112' title='bbox 898 1284 940 1337; x_wconf 92' lang='lat' dir='ltr'><strong>ius</strong></span> <span class='ocrx_word' id='word_1_113' title='bbox 962 1291 1018 1353; x_wconf 91' lang='lat' dir='ltr'><strong>est,</strong></span> <span class='ocrx_word' id='word_1_114' title='bbox 1042 1283 1091 1338; x_wconf 84' lang='lat' dir='ltr'><strong>buo</strong></span> 
     </span>
     <span class='ocr_line' id='line_1_14' title="bbox 136 1364 1090 1439; baseline 0.001 -18"><span class='ocrx_word' id='word_1_115' title='bbox 136 1367 240 1421; x_wconf 90' lang='lat' dir='ltr'><strong>actione</strong></span> <span class='ocrx_word' id='word_1_116' title='bbox 255 1364 402 1420; x_wconf 84' lang='lat' dir='ltr'><strong>tenebitur:</strong></span> <span class='ocrx_word' id='word_1_117' title='bbox 424 1365 471 1420; x_wconf 93' lang='lat' dir='ltr'><strong>sed</strong></span> <span class='ocrx_word' id='word_1_118' title='bbox 487 1365 514 1419; x_wconf 91' lang='lat' dir='ltr'><strong>bi</strong></span> <span class='ocrx_word' id='word_1_119' title='bbox 530 1364 731 1436; x_wconf 90' lang='lat' dir='ltr'><strong>tantummodo,</strong></span> <span class='ocrx_word' id='word_1_120' title='bbox 754 1365 801 1439; x_wconf 89' lang='lat' dir='ltr'><strong>qui</strong></span> <span class='ocrx_word' id='word_1_121' title='bbox 822 1365 1021 1422; x_wconf 85' lang='lat' dir='ltr'><strong>satisdationem</strong></span> <span class='ocrx_word' id='word_1_122' title='bbox 1036 1367 1090 1422; x_wconf 81' lang='lat' dir='ltr'><strong>eui·</strong></span> 
     </span>
     <span class='ocr_line' id='line_1_15' title="bbox 136 1447 313 1522; baseline -0.006 -18"><span class='ocrx_word' id='word_1_123' title='bbox 136 1463 202 1522; x_wconf 80' lang='lat' dir='ltr'><strong>gere</strong></span> <span class='ocrx_word' id='word_1_124' title='bbox 215 1447 313 1503; x_wconf 92' lang='lat' dir='ltr'><strong>solent.</strong></span> 
     </span>
    </p>
   </div>
   <div class='ocr_carea' id='block_1_4' title="bbox 133 1709 1091 1865">
    <p class='ocr_par' dir='ltr' id='par_1_4' title="bbox 133 1709 1091 1865">
     <span class='ocr_line' id='line_1_16' title="bbox 540 1709 681 1752; baseline 0.014 -2"><span class='ocrx_word' id='word_1_125' title='bbox 540 1709 681 1752; x_wconf 74' lang='lat' dir='ltr'><strong>mxxv.</strong></span> 
     </span>
     <span class='ocr_line' id='line_1_17' title="bbox 133 1811 1091 1865; baseline -0.002 -1"><span class='ocrx_word' id='word_1_126' title='bbox 133 1813 184 1865; x_wconf 82' lang='lat' dir='ltr'><strong>DE</strong></span> <span class='ocrx_word' id='word_1_127' title='bbox 207 1811 521 1864; x_wconf 81' lang='lat' dir='ltr'>EXOUSATIONIBUS</span> <span class='ocrx_word' id='word_1_128' title='bbox 548 1811 728 1864; x_wconf 86' lang='lat' dir='ltr'>TUTORUM</span> <span class='ocrx_word' id='word_1_129' title='bbox 752 1811 826 1863; x_wconf 83' lang='lat' dir='ltr'><strong>VEL</strong></span> <span class='ocrx_word' id='word_1_130' title='bbox 855 1811 1091 1864; x_wconf 79' lang='lat' dir='ltr'><strong>CURATORUM.</strong></span> 
     </span>
    </p>
   </div>
   <div class='ocr_carea' id='block_1_5' title="bbox 133 1949 1138 3197">
    <p class='ocr_par' dir='ltr' id='par_1_5' title="bbox 133 1949 1138 3197">
     <span class='ocr_line' id='line_1_18' title="bbox 197 1949 1138 2009; baseline -0.006 -1"><span class='ocrx_word' id='word_1_131' title='bbox 197 1952 366 2009; x_wconf 81' lang='lat' dir='ltr'><strong>Excusantur</strong></span> <span class='ocrx_word' id='word_1_132' title='bbox 381 1960 470 2007; x_wconf 89' lang='lat' dir='ltr'><strong>autern</strong></span> <span class='ocrx_word' id='word_1_133' title='bbox 489 1958 596 2006; x_wconf 86' lang='lat' dir='ltr'><strong>tutores</strong></span> <span class='ocrx_word' id='word_1_134' title='bbox 616 1949 658 2005; x_wconf 88' lang='lat' dir='ltr'><strong>vel</strong></span> <span class='ocrx_word' id='word_1_135' title='bbox 679 1958 820 2006; x_wconf 88' lang='lat' dir='ltr'><strong>curatores</strong></span> <span class='ocrx_word' id='word_1_136' title='bbox 840 1952 917 2006; x_wconf 88' lang='lat' dir='ltr'><strong>variis</strong></span> <span class='ocrx_word' id='word_1_137' title='bbox 932 1967 964 2006; x_wconf 83' lang='lat' dir='ltr'><strong>er</strong></span> <span class='ocrx_word' id='word_1_138' title='bbox 986 1951 1088 2006; x_wconf 85' lang='lat' dir='ltr'><strong>causis:</strong></span> <span class='ocrx_word' id='word_1_139' title='bbox 1102 1961 1138 2002; x_wconf 79' lang='lat' dir='ltr'><strong>er.</strong></span> 
     </span>
     <span class='ocr_line' id='line_1_19' title="bbox 133 2033 1090 2110; baseline -0.002 -20"><span class='ocrx_word' id='word_1_140' title='bbox 133 2034 293 2110; x_wconf 86' lang='lat' dir='ltr'><strong>plerumque</strong></span> <span class='ocrx_word' id='word_1_141' title='bbox 308 2043 397 2090; x_wconf 88' lang='lat' dir='ltr'><strong>autem</strong></span> <span class='ocrx_word' id='word_1_142' title='bbox 412 2042 524 2108; x_wconf 88' lang='lat' dir='ltr'><strong>propter</strong></span> <span class='ocrx_word' id='word_1_143' title='bbox 545 2033 659 2104; x_wconf 90' lang='lat' dir='ltr'><strong>liberos,</strong></span> <span class='ocrx_word' id='word_1_144' title='bbox 681 2035 784 2090; x_wconf 87' lang='lat' dir='ltr'><strong>sivein</strong></span> <span class='ocrx_word' id='word_1_145' title='bbox 804 2040 937 2107; x_wconf 88' lang='lat' dir='ltr'><strong>potestate</strong></span> <span class='ocrx_word' id='word_1_146' title='bbox 958 2035 1013 2088; x_wconf 90' lang='lat' dir='ltr'><strong>sint</strong></span> <span class='ocrx_word' id='word_1_147' title='bbox 1034 2035 1090 2088; x_wconf 82' lang='lat' dir='ltr'><strong>siue</strong></span> 
     </span>
     <span class='ocr_line' id='line_1_20' title="bbox 135 2115 1089 2192; baseline -0.002 -18"><span class='ocrx_word' id='word_1_148' title='bbox 135 2118 302 2192; x_wconf 86' lang='lat' dir='ltr'><strong>emancipati.</strong></span> <span class='ocrx_word' id='word_1_149' title='bbox 334 2119 357 2173; x_wconf 95' lang='lat' dir='ltr'><strong>si</strong></span> <span class='ocrx_word' id='word_1_150' title='bbox 372 2119 442 2174; x_wconf 89' lang='lat' dir='ltr'><strong>anim</strong></span> <span class='ocrx_word' id='word_1_151' title='bbox 455 2127 509 2173; x_wconf 90' lang='lat' dir='ltr'><strong>tres</strong></span> <span class='ocrx_word' id='word_1_152' title='bbox 521 2115 621 2173; x_wconf 85' lang='lat' dir='ltr'><strong>liberos</strong></span> <span class='ocrx_word' id='word_1_153' title='bbox 633 2118 693 2190; x_wconf 88' lang='lat' dir='ltr'><strong>quis</strong></span> <span class='ocrx_word' id='word_1_154' title='bbox 709 2118 868 2190; x_wconf 87' lang='lat' dir='ltr'><strong>superstites</strong></span> <span class='ocrx_word' id='word_1_155' title='bbox 881 2115 978 2172; x_wconf 88' lang='lat' dir='ltr'><strong>Romae</strong></span> <span class='ocrx_word' id='word_1_156' title='bbox 994 2115 1089 2172; x_wconf 89' lang='lat' dir='ltr'><strong>babeat</strong></span> 
     </span>
     <span class='ocr_line' id='line_1_21' title="bbox 134 2199 1090 2274; baseline 0 -18"><span class='ocrx_word' id='word_1_157' title='bbox 134 2201 176 2256; x_wconf 88' lang='lat' dir='ltr'><strong>vel</strong></span> <span class='ocrx_word' id='word_1_158' title='bbox 196 2203 225 2257; x_wconf 91' lang='lat' dir='ltr'><strong>ln</strong></span> <span class='ocrx_word' id='word_1_159' title='bbox 244 2201 318 2257; x_wconf 90' lang='lat' dir='ltr'><strong>ltalia</strong></span> <span class='ocrx_word' id='word_1_160' title='bbox 340 2209 469 2274; x_wconf 88' lang='lat' dir='ltr'><strong>quattuor</strong></span> <span class='ocrx_word' id='word_1_161' title='bbox 483 2200 524 2256; x_wconf 88' lang='lat' dir='ltr'><strong>vel</strong></span> <span class='ocrx_word' id='word_1_162' title='bbox 539 2202 566 2255; x_wconf 93' lang='lat' dir='ltr'><strong>in</strong></span> <span class='ocrx_word' id='word_1_163' title='bbox 581 2202 724 2274; x_wconf 88' lang='lat' dir='ltr'><strong>provinciis</strong></span> <span class='ocrx_word' id='word_1_164' title='bbox 747 2200 881 2273; x_wconf 90' lang='lat' dir='ltr'><strong>quinque,</strong></span> <span class='ocrx_word' id='word_1_165' title='bbox 904 2216 918 2255; x_wconf 92' lang='lat' dir='ltr'><strong>a</strong></span> <span class='ocrx_word' id='word_1_166' title='bbox 940 2199 1025 2255; x_wconf 90' lang='lat' dir='ltr'><strong>tutela</strong></span> <span class='ocrx_word' id='word_1_167' title='bbox 1046 2200 1090 2256; x_wconf 84' lang='lat' dir='ltr'><strong>vel</strong></span> 
     </span>
     <span class='ocr_line' id='line_1_22' title="bbox 135 2283 1089 2357; baseline 0.001 -18"><span class='ocrx_word' id='word_1_168' title='bbox 135 2301 198 2340; x_wconf 87' lang='lat' dir='ltr'><strong>cura</strong></span> <span class='ocrx_word' id='word_1_169' title='bbox 219 2293 333 2357; x_wconf 88' lang='lat' dir='ltr'><strong>possunt</strong></span> <span class='ocrx_word' id='word_1_170' title='bbox 354 2285 473 2340; x_wconf 82' lang='lat' dir='ltr'><strong>excusari</strong></span> <span class='ocrx_word' id='word_1_171' title='bbox 493 2283 614 2356; x_wconf 79' lang='lat' dir='ltr'><strong>exemplo</strong></span> <span class='ocrx_word' id='word_1_172' title='bbox 635 2292 787 2340; x_wconf 86' lang='lat' dir='ltr'><strong>ceterorum</strong></span> <span class='ocrx_word' id='word_1_173' title='bbox 808 2298 961 2340; x_wconf 87' lang='lat' dir='ltr'><strong>munerum:</strong></span> <span class='ocrx_word' id='word_1_174' title='bbox 986 2291 1089 2340; x_wconf 88' lang='lat' dir='ltr'><strong>namet</strong></span> 
     </span>
     <span class='ocr_line' id='line_1_23' title="bbox 135 2367 1087 2442; baseline -0.002 -18"><span class='ocrx_word' id='word_1_175' title='bbox 135 2368 247 2424; x_wconf 87' lang='lat' dir='ltr'><strong>tutelam</strong></span> <span class='ocrx_word' id='word_1_176' title='bbox 263 2376 290 2424; x_wconf 91' lang='lat' dir='ltr'><strong>et</strong></span> <span class='ocrx_word' id='word_1_177' title='bbox 306 2384 394 2424; x_wconf 91' lang='lat' dir='ltr'><strong>curam</strong></span> <span class='ocrx_word' id='word_1_178' title='bbox 410 2369 510 2442; x_wconf 83' lang='lat' dir='ltr'><strong>placuit</strong></span> <span class='ocrx_word' id='word_1_179' title='bbox 525 2367 661 2440; x_wconf 90' lang='lat' dir='ltr'><strong>pubiicum</strong></span> <span class='ocrx_word' id='word_1_180' title='bbox 682 2383 779 2424; x_wconf 90' lang='lat' dir='ltr'><strong>munus</strong></span> <span class='ocrx_word' id='word_1_181' title='bbox 795 2382 864 2424; x_wconf 83' lang='lat' dir='ltr'><strong>esse.</strong></span> <span class='ocrx_word' id='word_1_182' title='bbox 908 2367 956 2423; x_wconf 90' lang='lat' dir='ltr'><strong>sed</strong></span> <span class='ocrx_word' id='word_1_183' title='bbox 970 2367 1087 2442; x_wconf 87' lang='lat' dir='ltr'><strong>adoptivi</strong></span> 
     </span>
     <span class='ocr_line' id='line_1_24' title="bbox 135 2450 1087 2526; baseline 0.001 -19"><span class='ocrx_word' id='word_1_184' title='bbox 135 2450 212 2507; x_wconf 89' lang='lat' dir='ltr'><strong>liberi</strong></span> <span class='ocrx_word' id='word_1_185' title='bbox 233 2467 287 2508; x_wconf 94' lang='lat' dir='ltr'><strong>non</strong></span> <span class='ocrx_word' id='word_1_186' title='bbox 308 2461 440 2525; x_wconf 90' lang='lat' dir='ltr'><strong>prosunt,</strong></span> <span class='ocrx_word' id='word_1_187' title='bbox 460 2454 488 2507; x_wconf 92' lang='lat' dir='ltr'><strong>in</strong></span> <span class='ocrx_word' id='word_1_188' title='bbox 509 2451 680 2524; x_wconf 88' lang='lat' dir='ltr'><strong>adoptionem</strong></span> <span class='ocrx_word' id='word_1_189' title='bbox 701 2460 789 2508; x_wconf 88' lang='lat' dir='ltr'><strong>autem</strong></span> <span class='ocrx_word' id='word_1_190' title='bbox 806 2451 865 2507; x_wconf 68' lang='lat' dir='ltr'><strong>⁴dati</strong></span> <span class='ocrx_word' id='word_1_191' title='bbox 885 2452 999 2508; x_wconf 88' lang='lat' dir='ltr'><strong>naturali</strong></span> <span class='ocrx_word' id='word_1_192' title='bbox 1018 2453 1087 2526; x_wconf 88' lang='lat' dir='ltr'><strong>patri</strong></span> 
     </span>
     <span class='ocr_line' id='line_1_25' title="bbox 135 2533 1088 2610; baseline 0.001 -19"><span class='ocrx_word' id='word_1_193' title='bbox 135 2543 260 2610; x_wconf 87' lang='lat' dir='ltr'><strong>prosunt.</strong></span> <span class='ocrx_word' id='word_1_194' title='bbox 289 2538 354 2590; x_wconf 93' lang='lat' dir='ltr'><strong>item</strong></span> <span class='ocrx_word' id='word_1_195' title='bbox 369 2545 482 2609; x_wconf 84' lang='lat' dir='ltr'><strong>nepotes</strong></span> <span class='ocrx_word' id='word_1_196' title='bbox 493 2551 526 2590; x_wconf 80' lang='lat' dir='ltr'><strong>er</strong></span> <span class='ocrx_word' id='word_1_197' title='bbox 537 2533 591 2591; x_wconf 83' lang='lat' dir='ltr'><strong>filio</strong></span> <span class='ocrx_word' id='word_1_198' title='bbox 607 2543 731 2608; x_wconf 91' lang='lat' dir='ltr'><strong>prosunt,</strong></span> <span class='ocrx_word' id='word_1_199' title='bbox 745 2545 775 2592; x_wconf 94' lang='lat' dir='ltr'><strong>ut</strong></span> <span class='ocrx_word' id='word_1_200' title='bbox 786 2537 813 2592; x_wconf 92' lang='lat' dir='ltr'><strong>in</strong></span> <span class='ocrx_word' id='word_1_201' title='bbox 824 2536 913 2592; x_wconf 81' lang='lat' dir='ltr'><strong>locunt</strong></span> <span class='ocrx_word' id='word_1_202' title='bbox 929 2537 1011 2609; x_wconf 88' lang='lat' dir='ltr'><strong>patris</strong></span> <span class='ocrx_word' id='word_1_203' title='bbox 1027 2551 1088 2592; x_wconf 86' lang='lat' dir='ltr'><strong>suo·</strong></span> 
     </span>
     <span class='ocr_line' id='line_1_26' title="bbox 135 2617 1088 2693; baseline -0.001 -17"><span class='ocrx_word' id='word_1_204' title='bbox 135 2619 242 2676; x_wconf 87' lang='lat' dir='ltr'><strong>cedant:</strong></span> <span class='ocrx_word' id='word_1_205' title='bbox 260 2636 292 2674; x_wconf 82' lang='lat' dir='ltr'><strong>er</strong></span> <span class='ocrx_word' id='word_1_206' title='bbox 307 2619 358 2674; x_wconf 89' lang='lat' dir='ltr'><strong>iilia</strong></span> <span class='ocrx_word' id='word_1_207' title='bbox 373 2637 428 2674; x_wconf 89' lang='lat' dir='ltr'><strong>non</strong></span> <span class='ocrx_word' id='word_1_208' title='bbox 442 2627 566 2693; x_wconf 91' lang='lat' dir='ltr'><strong>prosunt.</strong></span> <span class='ocrx_word' id='word_1_209' title='bbox 597 2617 644 2675; x_wconf 88' lang='lat' dir='ltr'><strong>filii</strong></span> <span class='ocrx_word' id='word_1_210' title='bbox 658 2629 745 2676; x_wconf 87' lang='lat' dir='ltr'><strong>autem</strong></span> <span class='ocrx_word' id='word_1_211' title='bbox 761 2621 921 2693; x_wconf 85' lang='lat' dir='ltr'><strong>superstites</strong></span> <span class='ocrx_word' id='word_1_212' title='bbox 936 2627 1039 2675; x_wconf 90' lang='lat' dir='ltr'><strong>tanturn</strong></span> <span class='ocrx_word' id='word_1_213' title='bbox 1056 2620 1088 2675; x_wconf 91' lang='lat' dir='ltr'><strong>ad</strong></span> 
     </span>
     <span class='ocr_line' id='line_1_27' title="bbox 135 2703 1088 2778; baseline -0.002 -19"><span class='ocrx_word' id='word_1_214' title='bbox 135 2704 235 2760; x_wconf 90' lang='lat' dir='ltr'><strong>tutelae</strong></span> <span class='ocrx_word' id='word_1_215' title='bbox 249 2703 292 2758; x_wconf 89' lang='lat' dir='ltr'><strong>vel</strong></span> <span class='ocrx_word' id='word_1_216' title='bbox 306 2719 384 2758; x_wconf 90' lang='lat' dir='ltr'><strong>curae</strong></span> <span class='ocrx_word' id='word_1_217' title='bbox 404 2705 520 2759; x_wconf 90' lang='lat' dir='ltr'><strong>muneris</strong></span> <span class='ocrx_word' id='word_1_218' title='bbox 535 2704 733 2760; x_wconf 79' lang='lat' dir='ltr'><strong>excusationem</strong></span> <span class='ocrx_word' id='word_1_219' title='bbox 748 2713 878 2778; x_wconf 91' lang='lat' dir='ltr'><strong>prosunt:</strong></span> <span class='ocrx_word' id='word_1_220' title='bbox 898 2703 1018 2760; x_wconf 81' lang='lat' dir='ltr'><strong>defuncti</strong></span> <span class='ocrx_word' id='word_1_221' title='bbox 1033 2719 1088 2759; x_wconf 86' lang='lat' dir='ltr'><strong>non</strong></span> 
     </span>
     <span class='ocr_line' id='line_1_28' title="bbox 134 2785 1087 2861; baseline 0.002 -19"><span class='ocrx_word' id='word_1_222' title='bbox 134 2795 259 2861; x_wconf 89' lang='lat' dir='ltr'><strong>prosunt.</strong></span> <span class='ocrx_word' id='word_1_223' title='bbox 290 2787 336 2842; x_wconf 86' lang='lat' dir='ltr'><strong>sed</strong></span> <span class='ocrx_word' id='word_1_224' title='bbox 348 2787 409 2842; x_wconf 91' lang='lat' dir='ltr'><strong>siin</strong></span> <span class='ocrx_word' id='word_1_225' title='bbox 421 2787 491 2844; x_wconf 93' lang='lat' dir='ltr'><strong>bello</strong></span> <span class='ocrx_word' id='word_1_226' title='bbox 504 2788 593 2843; x_wconf 90' lang='lat' dir='ltr'><strong>amissi</strong></span> <span class='ocrx_word' id='word_1_227' title='bbox 604 2795 674 2857; x_wconf 89' lang='lat' dir='ltr'><strong>sunt,</strong></span> <span class='ocrx_word' id='word_1_228' title='bbox 691 2789 841 2860; x_wconf 89' lang='lat' dir='ltr'><strong>quaesitum</strong></span> <span class='ocrx_word' id='word_1_229' title='bbox 857 2795 909 2855; x_wconf 91' lang='lat' dir='ltr'><strong>est,</strong></span> <span class='ocrx_word' id='word_1_230' title='bbox 924 2801 957 2842; x_wconf 92' lang='lat' dir='ltr'><strong>au</strong></span> <span class='ocrx_word' id='word_1_231' title='bbox 972 2785 1087 2858; x_wconf 87' lang='lat' dir='ltr'><strong>prosint.</strong></span> 
     </span>
     <span class='ocr_line' id='line_1_29' title="bbox 135 2870 1086 2944; baseline -0.002 -18"><span class='ocrx_word' id='word_1_232' title='bbox 135 2879 163 2927; x_wconf 88' lang='lat' dir='ltr'><strong>et</strong></span> <span class='ocrx_word' id='word_1_233' title='bbox 178 2879 293 2939; x_wconf 86' lang='lat' dir='ltr'><strong>constat,</strong></span> <span class='ocrx_word' id='word_1_234' title='bbox 309 2887 357 2926; x_wconf 94' lang='lat' dir='ltr'><strong>eos</strong></span> <span class='ocrx_word' id='word_1_235' title='bbox 369 2871 443 2926; x_wconf 91' lang='lat' dir='ltr'><strong>solos</strong></span> <span class='ocrx_word' id='word_1_236' title='bbox 457 2871 595 2944; x_wconf 90' lang='lat' dir='ltr'><strong>prodesse,</strong></span> <span class='ocrx_word' id='word_1_237' title='bbox 613 2873 697 2944; x_wconf 88' lang='lat' dir='ltr'><strong>quiin</strong></span> <span class='ocrx_word' id='word_1_238' title='bbox 711 2873 947 2926; x_wconf 88' lang='lat' dir='ltr'><strong>acieamittuntur:</strong></span> <span class='ocrx_word' id='word_1_239' title='bbox 964 2870 992 2924; x_wconf 91' lang='lat' dir='ltr'><strong>bi</strong></span> <span class='ocrx_word' id='word_1_240' title='bbox 1007 2871 1086 2939; x_wconf 84' lang='lat' dir='ltr'><strong>eninr,</strong></span> 
     </span>
     <span class='ocr_line' id='line_1_30' title="bbox 135 2953 1087 3028; baseline -0.003 -18"><span class='ocrx_word' id='word_1_241' title='bbox 135 2957 197 3028; x_wconf 88' lang='lat' dir='ltr'><strong>quia</strong></span> <span class='ocrx_word' id='word_1_242' title='bbox 212 2972 261 3028; x_wconf 88' lang='lat' dir='ltr'><strong>pro</strong></span> <span class='ocrx_word' id='word_1_243' title='bbox 277 2973 307 3011; x_wconf 87' lang='lat' dir='ltr'><strong>re</strong></span> <span class='ocrx_word' id='word_1_244' title='bbox 322 2953 427 3028; x_wconf 90' lang='lat' dir='ltr'><strong>publica</strong></span> <span class='ocrx_word' id='word_1_245' title='bbox 448 2955 611 3025; x_wconf 88' lang='lat' dir='ltr'><strong>ceciderunt,</strong></span> <span class='ocrx_word' id='word_1_246' title='bbox 626 2958 653 3010; x_wconf 91' lang='lat' dir='ltr'><strong>iu</strong></span> <span class='ocrx_word' id='word_1_247' title='bbox 668 2962 828 3028; x_wconf 87' lang='lat' dir='ltr'><strong>perpetuum</strong></span> <span class='ocrx_word' id='word_1_248' title='bbox 849 2968 899 3026; x_wconf 89' lang='lat' dir='ltr'><strong>per</strong></span> <span class='ocrx_word' id='word_1_249' title='bbox 914 2953 1028 3026; x_wconf 77' lang='lat' dir='ltr'><strong>gloriam</strong></span> <span class='ocrx_word' id='word_1_250' title='bbox 1049 2955 1087 3008; x_wconf 86' lang='lat' dir='ltr'><strong>vi·</strong></span> 
     </span>
     <span class='ocr_line' id='line_1_31' title="bbox 135 3034 1118 3113; baseline -0.001 -20"><span class='ocrx_word' id='word_1_251' title='bbox 135 3054 196 3094; x_wconf 88' lang='lat' dir='ltr'><strong>vere</strong></span> <span class='ocrx_word' id='word_1_252' title='bbox 215 3039 421 3113; x_wconf 83' lang='lat' dir='ltr'><strong>intelleguntur.</strong></span> <span class='ocrx_word' id='word_1_253' title='bbox 450 3038 515 3094; x_wconf 91' lang='lat' dir='ltr'><strong>ltem</strong></span> <span class='ocrx_word' id='word_1_254' title='bbox 536 3038 611 3094; x_wconf 88' lang='lat' dir='ltr'><strong>divus</strong></span> <span class='ocrx_word' id='word_1_255' title='bbox 632 3039 736 3095; x_wconf 87' lang='lat' dir='ltr'><strong>blarcus</strong></span> <span class='ocrx_word' id='word_1_256' title='bbox 756 3039 783 3093; x_wconf 92' lang='lat' dir='ltr'><strong>in</strong></span> <span class='ocrx_word' id='word_1_257' title='bbox 803 3034 977 3094; x_wconf 87' lang='lat' dir='ltr'><strong>semestribus</strong></span> <span class='ocrx_word' id='word_1_258' title='bbox 992 3039 1085 3094; x_wconf 88' lang='lat' dir='ltr'><strong>rescri·</strong></span> <span class='ocrx_word' id='word_1_259' title='bbox 1106 3045 1118 3092; x_wconf 91' lang='lat'>1</span> 
     </span>
     <span class='ocr_line' id='line_1_32' title="bbox 135 3121 1086 3197; baseline -0.001 -20"><span class='ocrx_word' id='word_1_260' title='bbox 135 3124 200 3197; x_wconf 87' lang='lat' dir='ltr'><strong>psit,</strong></span> <span class='ocrx_word' id='word_1_261' title='bbox 217 3139 287 3194; x_wconf 90' lang='lat' dir='ltr'><strong>eum,</strong></span> <span class='ocrx_word' id='word_1_262' title='bbox 303 3125 349 3196; x_wconf 92' lang='lat' dir='ltr'><strong>qui</strong></span> <span class='ocrx_word' id='word_1_263' title='bbox 365 3137 408 3178; x_wconf 89' lang='lat' dir='ltr'><strong>res</strong></span> <span class='ocrx_word' id='word_1_264' title='bbox 423 3121 479 3178; x_wconf 90' lang='lat' dir='ltr'><strong>lisoi</strong></span> <span class='ocrx_word' id='word_1_265' title='bbox 496 3122 674 3192; x_wconf 88' lang='lat' dir='ltr'><strong>administrat,</strong></span> <span class='ocrx_word' id='word_1_266' title='bbox 689 3121 801 3178; x_wconf 86' lang='lat' dir='ltr'><strong>atatela</strong></span> <span class='ocrx_word' id='word_1_267' title='bbox 816 3122 858 3179; x_wconf 91' lang='lat' dir='ltr'><strong>vel</strong></span> <span class='ocrx_word' id='word_1_268' title='bbox 872 3137 945 3193; x_wconf 86' lang='lat' dir='ltr'><strong>cura,</strong></span> <span class='ocrx_word' id='word_1_269' title='bbox 961 3121 1086 3195; x_wconf 88' lang='lat' dir='ltr'><strong>quamdin</strong></span> 
     </span>
    </p>
   </div>
   <div class='ocr_carea' id='block_1_6' title="bbox 135 3204 1226 3279">
    <p class='ocr_par' dir='ltr' id='par_1_6' title="bbox 135 3204 1226 3279">
     <span class='ocr_line' id='line_1_33' title="bbox 135 3204 1226 3279; baseline -0.002 -17"><span class='ocrx_word' id='word_1_270' title='bbox 135 3205 315 3276; x_wconf 79' lang='lat' dir='ltr'><strong>administrat,</strong></span> <span class='ocrx_word' id='word_1_271' title='bbox 337 3208 458 3264; x_wconf 80' lang='lat' dir='ltr'><strong>excusari</strong></span> <span class='ocrx_word' id='word_1_272' title='bbox 478 3221 570 3279; x_wconf 89' lang='lat' dir='ltr'><strong>posse.</strong></span> <span class='ocrx_word' id='word_1_273' title='bbox 597 3205 663 3262; x_wconf 91' lang='lat' dir='ltr'><strong>ltem</strong></span> <span class='ocrx_word' id='word_1_274' title='bbox 679 3207 725 3279; x_wconf 93' lang='lat' dir='ltr'><strong>qul</strong></span> <span class='ocrx_word' id='word_1_275' title='bbox 739 3207 779 3261; x_wconf 89' lang='lat' dir='ltr'><strong>rei</strong></span> <span class='ocrx_word' id='word_1_276' title='bbox 799 3205 919 3279; x_wconf 90' lang='lat' dir='ltr'><strong>publicae</strong></span> <span class='ocrx_word' id='word_1_277' title='bbox 941 3222 1020 3262; x_wconf 90' lang='lat' dir='ltr'><strong>causa</strong></span> <span class='ocrx_word' id='word_1_278' title='bbox 1042 3204 1120 3261; x_wconf 71' lang='lat' dir='ltr'><strong>aba</strong></span> <span class='ocrx_word' id='word_1_279' title='bbox 1225 3221 1226 3232; x_wconf 58' lang='lat'>³</span> 
     </span>
    </p>
   </div>
   <div class='ocr_carea' id='block_1_7' title="bbox 202 3467 926 3537">
    <p class='ocr_par' dir='ltr' id='par_1_7' title="bbox 202 3467 926 3537">
     <span class='ocr_line' id='line_1_34' title="bbox 202 3467 926 3537; baseline 0.001 -17"><span class='ocrx_word' id='word_1_280' title='bbox 202 3467 222 3537; x_wconf 86' lang='lat'><strong>¹)</strong></span> <span class='ocrx_word' id='word_1_281' title='bbox 240 3473 266 3521; x_wconf 89' lang='lat' dir='ltr'><em>B</em></span> <span class='ocrx_word' id='word_1_282' title='bbox 287 3472 396 3536; x_wconf 82' lang='lat' dir='ltr'><strong>Tbeopb.</strong></span> <span class='ocrx_word' id='word_1_283' title='bbox 415 3471 607 3523; x_wconf 83' lang='lat' dir='ltr'><strong>satisdationes</strong></span> <span class='ocrx_word' id='word_1_284' title='bbox 628 3471 652 3520; x_wconf 82' lang='grc' dir='ltr'><em>Τ</em></span> <span class='ocrx_word' id='word_1_285' title='bbox 666 3472 724 3525; x_wconf 82' lang='lat' dir='ltr'><strong>edd.</strong></span> <span class='ocrx_word' id='word_1_286' title='bbox 743 3470 815 3522; x_wconf 77' lang='lat' dir='ltr'><strong>Scir.</strong></span> <span class='ocrx_word' id='word_1_287' title='bbox 835 3477 860 3521; x_wconf 87' lang='lat' dir='ltr'><strong>et</strong></span> <span class='ocrx_word' id='word_1_288' title='bbox 877 3470 926 3521; x_wconf 80' lang='lat' dir='ltr'><strong>Kr.</strong></span> 
     </span>
    </p>
   </div>
   <div class='ocr_carea' id='block_1_8' title="bbox 0 0 1240 3896">
    <p class='ocr_par' dir='ltr' id='par_1_8' title="bbox 0 0 1240 3896">
     <span class='ocr_line' id='line_1_35' title="bbox 0 0 1240 3896; baseline 0 0"><span class='ocrx_word' id='word_1_289' title='bbox 0 0 1240 3896; x_wconf 95' lang='lat' dir='ltr'><strong> </strong></span> 
     </span>
    </p>
   </div>
  </div>
 </body>
</html>
