2500 3890
144 171 205 235 170
456 187 491 222 en
508 185 671 222 aceroureus
689 171 735 233 lV,
754 176 778 224 6.

142 328 217 384 dunt.
249 327 315 383 aliae
327 337 415 384 autem
428 324 581 400 aunt,‘quas
593 335 703 401 praetor
714 343 746 382 ex
757 344 805 382 sua
821 324 1008 382 iurisdictione
1022 340 1096 380 corn·

142 420 246 486 paratas
262 410 342 466 habet
356 421 410 468 tam
425 413 452 468 iu
468 427 614 484 remquam
628 412 655 465 iu
671 426 824 485 personam,
840 426 905 482 quas
921 416 948 463 et
963 409 1034 481 ipsas
1049 425 1096 464 ne·

142 496 289 552 cessarium
300 503 342 551 est
353 495 480 568 exemplis
491 495 644 551 ostendere.
674 510 736 550 ecee
748 494 904 567 plerumque
917 494 952 547 ita
965 493 1097 564 permittit

143 580 171 635 iu
185 594 243 634 rem
257 594 353 651 agere,
369 587 399 633 ut
414 578 455 634 vel
477 587 552 634 actor
572 578 689 647 diceret,
705 594 733 632 se
749 580 824 648 quasi
840 577 1005 650 nsucepisse‚
1022 575 1096 647 qnod

144 679 195 718 usu
210 679 264 717 non
280 663 397 734 ceperit,
418 661 459 717 vel
475 678 507 716 en
527 662 632 717 diverso
648 654 849 734 possessorem¹
866 659 980 728 diceret,
1003 659 1096 715 adver·

108 745 126 792 4
143 747 242 802 sarium
263 761 358 817 suum,
379 761 429 800 usu
449 761 505 800 non
520 746 640 819 cepisse,
660 744 732 817 quod
748 745 911 816 usucaperit.
939 743 1057 815 Namque
1072 744 1096 798 si

143 831 186 885 cui
204 845 237 884 en
259 831 328 884 iusta
350 846 430 885 causa
450 845 494 884 res
513 821 618 885 aliena²
633 828 728 883 tradita
749 829 846 897 luerit,
866 827 949 883 veluti
969 842 1096 882 excausa

143 914 285 986 emptionis
300 921 346 968 aut
361 913 513 968 donationis
526 921 571 966 aut
585 911 657 967 dotis
669 921 715 967 aut
730 912 892 985 legatorum,
907 909 1021 966 necdum
1036 913 1096 966 eius

142 999 181 1052 rei
192 997 316 1053 deminus
328 996 438 1052 allectus
449 1004 503 1066 est,
519 997 542 1050 si
554 997 609 1050 eius
626 997 665 1052 rei
677 1011 740 1051 casu
751 996 951 1067 possessiouem
966 994 1096 1062 amiserit,

142 1080 241 1136 nullam
253 1079 333 1135 habet
344 1079 470 1135 directam
482 1081 508 1134 in
524 1081 723 1136 remeationem
740 1079 772 1134 ad
787 1094 844 1134 eam
859 1095 916 1133 rem
930 1094 1096 1151 persequen-

142 1163 215 1220 dam:
231 1166 329 1237 qnippe
344 1165 379 1219 ita
395 1163 516 1236 proditae
531 1171 595 1218 sunt
609 1165 667 1219 iure
682 1163 750 1219 civili
766 1164 901 1231 actiones,
924 1169 955 1216 ut
971 1163 1030 1234 quis
1046 1161 1096 1217 do·

143 1249 252 1303 minium
272 1263 350 1302 suum
370 1247 496 1302 vindicet.
540 1246 586 1302 sed
611 1247 670 1319 quia
691 1263 755 1302 sane
776 1246 873 1301 durum
887 1255 961 1314 erat,
981 1261 1014 1300 eo
1030 1261 1096 1300 casu

142 1329 256 1388 delicere
271 1332 413 1400 actionem,
428 1332 534 1386 inventa
549 1338 591 1386 est
607 1349 621 1386 a
636 1339 761 1403 praetore
775 1331 854 1398 aetio,
871 1329 898 1384 in
915 1345 967 1401 qua
981 1329 1045 1384 dicit
1060 1330 1095 1398 is,

142 1416 188 1486 qui
203 1415 402 1487 possessionem
417 1416 514 1480 amisit,
530 1429 587 1470 eam
602 1431 659 1469 rem
674 1430 703 1470 se
715 1415 870 1486 usucepisse
885 1415 963 1468 etita
979 1411 1097 1468 vindicat

142 1514 215 1552 suam
232 1513 302 1554 esse.
332 1513 399 1570 quae
414 1500 483 1554 actio
497 1497 650 1554 Publiciana
662 1497 821 1570 appellatur,
837 1496 963 1568 quoniam
978 1496 1095 1568 primum

109 1579 125 1626 ὅ
143 1597 156 1635 a
171 1579 290 1636 Publicio
305 1591 429 1653 praetore
444 1581 471 1636 in
487 1581 574 1637 edicto
589 1583 729 1655 proposita
744 1589 792 1635 est,
823 1579 925 1635 Rursus
940 1595 972 1633 en
986 1578 1096 1638 diverso

142 1665 165 1718 si
180 1665 252 1736 quis,
266 1680 326 1719 cum
336 1666 375 1720 rei
387 1663 509 1737 publicae
519 1681 598 1720 causa
610 1665 716 1720 abesset
730 1665 772 1719 vel
787 1664 814 1718 in
826 1663 946 1718 hostium
958 1672 1095 1736 potestate

143 1756 229 1816 esset,
245 1762 300 1801 rem
317 1747 389 1816 eius,
412 1749 500 1820 quiin
515 1749 621 1803 civitate
636 1755 721 1817 esset,
742 1748 913 1820 usuceperit‚
929 1748 1097 1818 permittitur

142 1829 266 1898 domino,
288 1830 310 1884 si
327 1847 467 1902 possessor
487 1833 526 1886 rei
547 1830 668 1903 publicae
687 1847 766 1888 eausa
782 1829 876 1886 abesse
891 1830 1014 1900 desierit,
1031 1840 1097 1888 tuuc

142 1914 211 1969 iutra
222 1930 331 1983 anntrrn,
347 1915 459 1969 rescissa
471 1915 646 1988 usucapione,
661 1930 717 1969 earn
729 1921 834 1988 petere,
849 1914 875 1970 id
887 1923 928 1969 est
940 1917 976 1969 ita
990 1923 1096 1987 petere,

143 2005 174 2052 ut
188 1996 266 2067 dicat,
281 2013 467 2070 possessorem
484 2015 533 2052 usu
545 2014 599 2053 non
611 1999 715 2072 cepisse
729 2007 757 2054 et
772 1997 806 2053 ob
821 1998 847 2052 id
863 2015 937 2053 suam
953 2013 1095 2055 asserem.

144 2081 217 2154 quod
233 2097 318 2154 genus
334 2081 447 2136 aetionis
463 2090 491 2137 ct
505 2074 595 2150 aliis,³
616 2081 696 2136 simili
711 2082 845 2152 aequitate
859 2091 964 2151 motus,
983 2089 1095 2154 praetor

144 2164 341 2233 accommodat,
356 2165 426 2220 sieut
441 2182 472 2221 en
484 2165 580 2220 latiore
595 2164 763 2238 digestorum
777 2181 826 2220 seu
841 2165 1031 2237 pandectarum
1046 2182 1095 2221 vo·

109 2246 125 2294 6
143 2248 243 2304 lumine
263 2248 422 2322 intellegere
443 2249 515 2307 licet.
544 2249 609 2304 ltem
629 2249 731 2320 siquis
752 2249 778 2303 in
794 2248 914 2304 fraudem
929 2248 1095 2305 creditorum

143 2348 200 2386 rem
215 2348 290 2386 suam
311 2332 389 2387 alicui
411 2332 562 2401 tradiderit,
582 2331 659 2386 bonis
680 2333 737 2387 eius
759 2348 775 2386 a
792 2331 968 2388 creditoribus
984 2349 1017 2389 ex
1032 2349 1095 2389 sen·

145 2415 228 2470 tentia
238 2415 367 2488 praesidis
378 2416 695 2488 possessis,permittitur
706 2415 771 2488 ipsis
783 2414 1096 2486 creditoribus,rescissa

143 2497 298 2567 traditione,
310 2514 368 2553 earn
378 2514 433 2553 rem
446 2507 547 2572 petere,
561 2499 587 2553 id
600 2508 642 2554 est
653 2499 752 2569 dicere,
765 2515 821 2555 eam
832 2514 887 2554 rem
901 2499 1026 2554 traditam
1037 2516 1095 2556 non

109 2583 124 2631 t
144 2597 202 2637 esse
223 2588 250 2637 et
272 2581 307 2637 ob
328 2581 355 2636 id
375 2582 402 2637 in
422 2581 499 2638 bonis
520 2581 650 2638 debitoris
671 2585 809 2638 mansisse.
839 2581 904 2637 ltem
920 2582 1046 2638 Seruiana
1066 2593 1095 2640 et

143 2666 220 2738 quasi
239 2664 377 2734 Seruiana,
400 2682 468 2736 quae
493 2667 571 2721 etiam
599 2666 787 2741 hypothecaria
808 2673 934 2738 vocatur,
957 2667 1095 2740 exipsius

142 2749 273 2822 praetoris
293 2748 478 2804 iurisdictione
498 2748 673 2806 substantiam
688 2751 768 2824 capit.
805 2749 928 2804 Seruiana
943 2758 1032 2806 autem
1048 2767 1095 2806 ex·

141 2833 246 2906 peritur
260 2833 320 2904 quis
337 2832 369 2887 de
385 2832 464 2887 rebus
479 2832 584 2903 coloni,
606 2851 675 2907 quae
688 2832 811 2907 pignoris
826 2834 885 2888 iure
899 2850 948 2906 pro
963 2834 1095 2891 mercedi·

142 2915 191 2971 bus
205 2915 283 2971 lundi
302 2917 327 2971 ei
348 2925 491 2986 tenentur;
511 2918 588 2988 quasi
603 2917 726 2973 Serviane
746 2925 834 2972 autem
856 2909 930 2989 qua⁴
944 2917 1095 2976 creditores

209 3092 229 3157 ¹)
247 3097 352 3157 scripsi3
375 3097 409 3157 ef.
430 3095 590 3159 acceptet
610 3093 722 3158 infrad.
741 3098 764 3145 5.
783 3111 925 3160 possessor
942 3099 1016 3148 codd.
1034 3100 1095 3151 edd.

140 3159 214 3211 Selr
234 3168 259 3210 et
276 3162 327 3211 Kr.
396 3160 417 3241 ²)
435 3179 470 3212 eae
487 3164 643 3213 Hotomanni
664 3165 695 3212 ci.
712 3165 814 3227 scripsi.
831 3163 924 3226 alique
940 3166 1015 3214 codd.
1033 3167 1095 3215 edd.

141 3228 214 3282 Sclar
228 3236 254 3278 et
265 3229 315 3277 Kr.
327 3231 375 3278 sed
386 3220 538 3290 αλλοτριον
548 3245 665 3294 upuppae
682 3229 792 3294 Theopb.
843 3228 864 3290 ⁸)
877 3234 904 3279 et
916 3229 979 3281 aliis
991 3233 1062 3296 scrip
1063 3234 1094 3282 ci.

140 3292 190 3345 uel
209 3287 316 3356 ἑτέροις
332 3296 443 3360 ΤΙιεορΙι.
464 3297 627 3396 quibusdum⁴
642 3300 668 3344 et
686 3296 750 3346 eliis
768 3298 841 3348 codd.
859 3306 907 3348 net.
921 3300 960 3348 ed.
975 3249 1062 3354 Solanp
1066 3305 1096 3349 et

142 3359 203 3411 aliia
227 3362 389 3426 quibusdam
407 3365 447 3414 ed.
465 3364 516 3413 Kr
616 3361 745 3428 ⁴)eutem
767 3379 820 3428 qua.
841 3367 916 3415 codd.
933 3371 982 3419 oet.
1000 3370 1095 3416 autem

140 3432 182 3476 est
199 3443 252 3492 qua
267 3431 337 3478 motti
353 3430 491 3492 defensed
508 3433 637 3495 dependam
653 3433 754 3482 uidetur
770 3433 836 3481 item
855 3447 915 3488 suc.
