2492 3896
121 195 182 259 100
221 212 257 247 nn
274 211 450 259 nnnnmran„
473 210 545 254 onan
563 211 597 246 an
614 211 762 247 runnsrnro
779 211 961 248 nunnunnrun
978 197 1031 260 111,
1052 199 1074 249 1.

87 365 99 412 1
184 345 393 408 ¹intestatorum
414 360 502 406 autem
523 350 684 408 hereditates
706 369 736 408 en
758 351 820 425 lege
842 351 983 408 duodecim
997 351 1076 407 tabu·

86 449 101 497 2
119 436 204 491 larum
220 437 334 508 primum
356 436 388 491 ad
408 451 473 490 suos
494 435 605 490 heredes
621 436 767 508 pertinent.
796 434 843 491 Sui
858 444 947 491 autern
963 434 1075 491 heredes

119 521 321 592 existimantur,
339 528 369 574 ut
383 527 410 574 et
425 535 505 591 supra
520 518 633 574 diximus
641 511 664 590 ‚²
680 521 767 591 quiin
783 526 918 591 potestate
934 520 1075 574 morientis

118 603 244 659 luerunt:
268 602 350 658 veluti
373 601 445 658 lilius
466 600 534 674 lilia,
557 619 641 675 nepos
660 604 782 677 neptisve
797 619 829 659 ex
850 601 914 671 tilio,
936 618 1076 677 pronepos

118 688 291 759 proneptisve
314 703 346 741 er
366 695 466 759 nepote
481 684 536 741 lilio
557 694 620 740 nato
641 695 792 760 prognatus
807 695 981 760 prognatave.
1025 702 1077 742 neo

80 783 106 831 2·
117 771 244 840 interest,
261 779 351 825 utrum
365 769 501 825 naturales
517 778 580 825 sunt
595 768 670 824 liberi
686 787 719 824 an
735 769 862 842 adoptivi.
894 768 994 836 Quibus
1011 786 1075 825 con·

118 855 253 909 numerari
268 869 379 910 necesse
391 861 433 910 est
444 855 522 908 etiarn
534 869 591 921 eos,
608 853 654 925 qui
670 869 701 908 ex
714 853 843 926 legitimis
860 853 967 925 quidem
984 855 1074 909 matri·

117 939 214 992 moniis
229 954 283 993 non
304 945 368 992 sunt
388 937 538 1010 progeniti,
559 938 639 991 curiis
656 945 742 991 tamen
758 937 894 992 civitatum
910 936 963 991 dati
977 953 1075 993 secun-

37 1075 39 1080 ,
117 1019 180 1075 dum
202 1020 325 1076 divalium
347 1012 602 1088 constitutionum‚³
624 1035 690 1092 quae
712 1035 794 1092 super
814 1019 856 1074 his
876 1022 980 1093 positae
1000 1029 1075 1091 sunt,

118 1111 238 1159 tenorem
250 1120 360 1159 suorum
376 1104 434 1157 iura
448 1105 652 1159 nanciscuntur:
668 1119 717 1158 nec
731 1119 787 1158 non
802 1119 864 1167 eos,
881 1120 951 1175 quos
966 1113 1077 1160 nostrae

117 1187 252 1260 amplexae
274 1194 338 1241 sunt
360 1180 599 1256 constitutiones‚¹¹
621 1203 669 1260 por
692 1203 758 1259 quas
781 1187 922 1258 iussimus,
947 1181 988 1242 ⁵si
1014 1189 1076 1259 quis

117 1270 256 1325 mulierem
267 1271 293 1324 in
306 1286 356 1325 suo
367 1269 544 1326 contubernio
556 1270 720 1344 copulaverit
732 1286 786 1324 non
798 1269 829 1324 ab
841 1271 918 1326 initio
933 1270 1077 1326 allectione

105 1354 246 1425 maritali,
269 1370 326 1408 eam
342 1364 444 1424 tamen,
467 1370 527 1410 cum
550 1371 600 1427 qua
616 1362 722 1427 poterat
737 1352 836 1409 babere
852 1355 1024 1428 coniugium,
1047 1363 1078 1410 et

117 1454 150 1492 ex
172 1454 203 1494 ea
225 1437 324 1493 liberos
352 1437 508 1507 sustulerit,
536 1446 630 1510 postea
655 1453 719 1492 vero
748 1436 887 1492 allectione
911 1436 1078 1509 procedente

117 1523 196 1577 etiam
217 1521 345 1595 nuptialia
364 1523 542 1577 instrumenta
563 1537 622 1576 cum
643 1537 672 1576 ea
693 1520 788 1577 iecerit
810 1519 935 1594 filiosque
950 1521 990 1577 vel
1006 1519 1076 1576 filias

116 1605 253 1660 habuerit:
276 1621 331 1661 non
348 1605 437 1661 solutn
457 1621 505 1660 eos
527 1603 645 1674 liberos,
668 1605 714 1677 qui
735 1612 798 1676 post
814 1603 903 1659 dotem
919 1605 985 1660 editi
1000 1614 1077 1676 sunt,

116 1690 202 1744 iustos
218 1696 245 1743 et
260 1691 285 1743 in
302 1695 436 1761 potestate
452 1704 511 1743 esse
526 1687 663 1760 patribus,
687 1687 734 1743 sed
750 1690 829 1744 etiam
845 1689 1010 1758 anteriores,
1027 1691 1078 1763 qui

116 1780 144 1826 et
159 1772 211 1841 his,
227 1773 273 1844 qui
287 1780 382 1844 postea
397 1773 450 1827 nati
465 1780 538 1842 sunt,
555 1771 722 1826 occasionem
736 1772 850 1844 legitimi
866 1774 981 1828 nominis
997 1789 1077 1845 prae-

116 1857 258 1910 stiterunt:
287 1854 359 1927 quod
387 1855 509 1928 optinere
537 1856 705 1925 censuimus,
734 1857 836 1911 etiamsi
859 1871 914 1910 non
936 1859 1078 1930 progeniti

117 1939 217 1995 luerint
237 1946 300 2012 post
320 1939 409 1994 dotale
430 1941 637 1993 instrumentum
660 1938 813 1996 conlectum
834 1938 912 1995 liberi
932 1939 972 1994 vel
994 1941 1077 1997 etiam

78 2025 173 2086 eonati
194 2021 226 2079 ab
248 2024 296 2078 hac
318 2021 378 2078 luce
398 2020 527 2078 subtracti
548 2022 656 2079 luerint.
688 2016 745 2078 ⁶lta
760 2022 866 2078 demum
883 2031 973 2078 tamen
987 2040 1078 2097 nepos

117 2109 238 2181 neptisve
264 2115 291 2161 et
314 2122 450 2179 pronepos
478 2107 650 2178 proneptisve
673 2122 785 2161 suorum
808 2105 938 2162 heredum
960 2122 1077 2162 numero

117 2199 195 2260 sunt,
211 2193 233 2245 sl
249 2189 412 2263 praecedens
423 2205 539 2263 persona
550 2189 660 2244 desierit
677 2191 703 2245 in
720 2197 856 2262 potestate
868 2191 987 2261 parentis
1002 2206 1075 2261 esse,

117 2275 172 2328 sive
188 2283 274 2328 morte
288 2273 314 2328 id
331 2273 458 2329 acciderit
473 2274 528 2328 sive
544 2273 593 2328 alia
608 2275 725 2336 ratione,
747 2272 830 2327 veluti
847 2274 1077 2345 emancipatione:

117 2372 177 2410 nam
193 2358 216 2410 si
232 2356 320 2430 perid
337 2364 458 2429 tempus,
481 2372 535 2428 quo
552 2357 611 2428 quis
626 2363 791 2426 moreretur,
810 2354 880 2410 lilius
895 2357 923 2411 in
937 2366 1078 2429 potestate

118 2441 174 2494 eius
190 2441 241 2510 sit,
260 2455 346 2512 nepos
361 2456 393 2494 ex
408 2456 441 2495 eo
458 2457 524 2495 suus
540 2441 618 2494 heres
633 2455 761 2494 essenon
777 2448 877 2512 potest.
907 2438 988 2511 idque
1003 2450 1030 2496 et
1044 2443 1078 2498 ln

117 2524 213 2578 ceteris
229 2523 353 2596 deinceps
369 2522 513 2578 liberorum
535 2524 658 2595 personis
674 2523 772 2577 dictum
788 2523 980 2596 intellegimus.
1024 2541 1079 2597 po-

116 2608 197 2661 stumi
214 2622 339 2678 quoque,
361 2608 423 2678 qui,
445 2608 468 2660 si
486 2608 544 2660 vivo
564 2615 674 2678 parente
694 2609 874 2678 aedesseni,
894 2608 922 2662 in
937 2616 1079 2680 potestate

83 2690 99 2738 3
116 2690 201 2745 futuri
215 2690 319 2759 iurent,
340 2689 382 2745 sui
403 2689 514 2745 heredes
534 2696 607 2746 sunt.
645 2689 693 2745 Sui
714 2699 802 2744 autem
818 2691 896 2745 etiam
914 2693 1077 2764 ignorantes

116 2771 184 2829 liunt
204 2774 373 2844 hereticam,
392 2773 455 2828 licet
474 2773 568 2829 furiosi
590 2774 658 2843 sint,
679 2772 792 2828 heredes
810 2783 925 2846 possunt
941 2776 1076 2830 existere:

116 2858 178 2930 quia
198 2857 294 2930 quibus
317 2873 347 2911 cx
368 2859 454 2912 causis
474 2855 663 2930 ignorantibus
688 2857 837 2928 adquiritur
861 2857 952 2928 nobis,
976 2858 1077 2914 erbis

115 2943 201 2996 causis
224 2950 251 2996 et
273 2940 382 2996 luriosis
410 2940 513 3014 adquiri
536 2948 637 3012 potest.
681 2948 709 2995 et
731 2942 820 2996 statim
842 2949 930 2997 morte
952 2943 1076 3013 parentis

115 3026 191 3096 quasi
212 3026 384 3080 continuatur
405 3024 563 3080 dominium:
586 3032 613 3079 et
635 3023 695 3080 ideo
717 3040 767 3080 neo
790 3027 888 3079 tutoris
910 3027 1077 3083 auctoritate

116 3124 184 3180 opus
199 3116 240 3163 est
262 3109 290 3163 in
310 3107 428 3181 pupillis,
451 3124 512 3164 cum
532 3109 611 3162 etiam
632 3106 819 3181 ignorantibus
841 3109 992 3182 adquiritur
1012 3111 1075 3166 suis

184 3318 204 3382 ¹)
222 3322 261 3380 55.
281 3321 303 3369 1.
321 3322 345 3370 2.
362 3322 419 3384 (ere
430 3342 463 3362 =
477 3321 533 3375 Gai.
550 3324 575 3381 3,
594 3323 618 3370 1.
636 3323 652 3370 2
670 3321 771 3384 purtim.
840 3319 861 3384 ²)
881 3323 905 3382 ἓ.
924 3324 948 3371 2.
967 3324 998 3372 de
1015 3323 1074 3378 ber.

116 3384 309 3451 qual-(219).
395 3386 416 3450 ³)
435 3389 467 3438 L.
484 3390 508 3442 3.
527 3390 550 3441 4.
569 3391 593 3438 9.
617 3388 644 3440 O.
670 3390 701 3438 de
719 3395 770 3441 not.
791 3389 832 3438 lib.
851 3388 891 3454 (5,
909 3389 961 3451 27).
1048 3389 1073 3455 ⁴)

116 3453 148 3502 L.
170 3455 208 3504 to.
227 3455 267 3502 ll..
287 3453 313 3503 0.
332 3456 389 3507 eod.
458 3453 479 3519 ⁶)
498 3475 531 3496 =
548 3456 580 3508 L.
601 3459 637 3509 11,
659 3454 686 3504 0.
704 3458 746 3505 cit,
816 3454 836 3518 θ)
855 3476 888 3496 =
902 3457 957 3506 Gai.
969 3459 993 3519 3,
1006 3459 1031 3509 2.
1044 3459 1072 3509 4.
