2472 3896
530 229 686 267 obtenturo.
1034 209 1086 264 XV

131 371 202 439 Quae
213 387 272 427 cum
285 373 320 426 ita
330 371 394 440 sint,
406 388 455 427 nec
466 373 554 427 mirari
563 372 635 442 iicet,
647 372 720 444 qnod
729 373 755 427 in
762 369 861 426 Latinis
870 369 1006 425 codicibus
1015 370 1085 424 varie

129 471 189 511 cum
210 455 319 526 iegitur,
339 455 497 528 pierumque
517 472 586 510 nnus
607 455 648 512 vei
669 456 736 512 aiter
757 471 788 511 ex
808 456 841 510 iis
856 470 907 510 nec
921 469 981 509 raro
998 471 1030 508 ex
1043 455 1084 508 in-

128 538 282 608 ferioribus,
299 541 375 594 etiam
392 555 452 594 cum
464 539 615 613 Theophiio
631 541 775 608 consentit,
791 547 818 595 et
833 537 917 612 (quod
933 539 1043 592 manime
1058 538 1085 591 in

128 623 177 678 hac
189 622 377 696 disputationis
387 631 463 696 parte
472 621 601 695 spectavi)
612 631 733 696 apparet,
744 623 896 694 ubicunque
904 621 961 676 vitii
973 621 1085 676 alicuius

132 701 210 774 origo
229 703 257 756 in
280 703 339 775 ipso
360 703 510 775 Theophiio
531 702 709 757 demonstrari
723 703 812 775 possit
826 699 913 782 (velut
928 703 947 772 t,
965 703 1014 765 11,
1033 701 1082 759 13.

131 784 181 854 20,
190 785 229 857 5.)
241 785 330 858 idque
343 787 430 840 minus
443 786 620 858 corrigamus,
633 787 821 841 anctoritatem
828 795 947 841 veterum
959 786 1082 841 codicum

130 868 209 924 nobis
224 867 305 924 obiici
320 886 374 924 non
389 885 485 942 posse,
502 870 601 942 quippe
617 870 663 941 qui
677 870 729 942 ipsi
745 886 759 923 a
775 869 923 942 Theophiio
939 869 1080 942 pendeant.

194 952 245 1008 Sed
261 958 349 1008 tamen
365 952 499 1008 interdum
519 953 651 1008 incertum
666 961 723 1024 est,
743 968 775 1007 an
792 953 883 1007 vitium
899 952 1008 1025 aliquod
1024 960 1081 1007 tan-

131 1045 188 1092 tum
202 1037 230 1090 in
247 1036 404 1110 exemplari,
425 1053 479 1110 quo
495 1035 660 1108 'iheophiius
676 1036 818 1106 utebatur,
834 1053 915 1109 quum
932 1036 1082 1091 institutio·

130 1137 178 1176 nes
193 1127 322 1189 verteret,
346 1128 502 1192 tantumque
523 1118 628 1193 abipso
644 1137 698 1175 non
714 1119 923 1175 animadversum
940 1120 1034 1189 inerit,
1049 1136 1082 1174 an

90 1193 93 1200 ¹
130 1221 193 1259 vero
205 1204 285 1258 etiam
297 1219 309 1256 a
322 1202 456 1259 Dorotheo
469 1211 496 1258 et
507 1203 679 1273 Tribuniano,
695 1219 754 1258 eum
770 1203 956 1259 institutiones
972 1202 1082 1258 ederen-

131 1296 190 1358 tur,
213 1303 262 1359 pro
283 1302 344 1340 vera
365 1286 482 1341 iectione
497 1286 615 1341 habitum
630 1289 675 1343 sit.
719 1287 747 1342 in
762 1287 895 1342 eiusmodi
910 1285 1083 1357 lectionibus,

131 1371 223 1443 quales
239 1375 303 1422 sunt
317 1369 349 1436 ii,
363 1367 394 1438 4,
410 1369 438 1423 2.
468 1364 507 1422 ‘in
521 1369 594 1441 ipso’
611 1387 660 1442 pro
677 1369 717 1424 ‘et
730 1371 811 1443 ipsa',
827 1370 870 1440 iii,
886 1370 934 1439 29,
952 1363 979 1426 3.
1010 1371 1081 1426 ‘nui-

130 1454 174 1508 lus
190 1450 346 1523 stipulatus’
368 1467 418 1524 pro
440 1450 561 1506 ‘anulio
583 1451 750 1524 stipuiatns',
770 1453 837 1508 nihil
852 1453 1007 1508 mutandum
1030 1461 1082 1522 est,

132 1552 166 1591 ne
181 1535 252 1591 iorte
266 1535 353 1607 ipsum
372 1535 542 1589 iustininnum
563 1537 738 1608 corrigamus.
782 1535 840 1602 Quo
856 1536 917 1591 ioco
932 1536 998 1592 iiiud
1014 1554 1080 1610 quo·

37 1689 40 1696 Ι
131 1635 185 1692 que
205 1634 314 1674 monere
334 1618 501 1673 commodum
522 1626 578 1688 est,
601 1620 680 1674 iniis
700 1619 858 1689 sententiis,
881 1636 949 1692 quae
969 1635 1000 1674 er
1016 1621 1080 1674 Gaio

37 1717 38 1735 t
125 1703 172 1759 nei
187 1701 245 1757 aliis
259 1701 504 1758 iureconsuitorum
518 1701 608 1771 iibris,
624 1718 737 1775 quorum
753 1702 830 1758 nobis
845 1704 921 1776 copia
937 1712 994 1772 est,
1011 1712 1081 1758 tran·

131 1795 252 1860 sumptae
267 1794 347 1854 sunt,
369 1786 419 1841 hos
446 1787 520 1857 qnasi
546 1786 635 1842 iontes
661 1789 739 1843 etiam
765 1789 792 1842 in
815 1786 899 1842 dubiis
922 1786 1081 1843 lectionibus

130 1889 184 1927 non
204 1868 387 1942 neglegendos
409 1869 515 1942 quidem
536 1865 621 1944 (unde
640 1887 701 1935 eos,
721 1869 890 1944 iiruegerum
905 1877 1032 1940 secutus,
1054 1872 1081 1924 in

130 1956 202 2010 notis
217 1946 356 2031 allegari),
378 1970 428 2008 nec
450 1962 537 2008 tamen
553 1955 659 2008 nimium
675 1955 707 2009 iis
724 1953 892 2009 tribuendum
908 1971 982 2024 esse,
1006 1955 1081 2026 quasi

131 2038 163 2093 ad
188 2054 234 2093 eos
259 2046 386 2108 tanquam
408 2035 528 2109 reguiam
550 2036 751 2093 institutionum
775 2039 861 2093 oratio
883 2037 1013 2110 erigenda
1035 2037 1079 2091 sit.

131 2121 215 2193 Saepe
230 2123 298 2176 enim
315 2120 438 2176 consuito
460 2120 491 2175 ab
513 2121 544 2175 iis
560 2120 773 2191 declinaverunt,
796 2121 891 2194 quibus
908 2137 988 2175 novus
1003 2119 1081 2174 iusti·

131 2205 250 2258 tutiones
261 2219 423 2276 componere
434 2203 584 2258 mandatum
598 2212 664 2274 erat,
680 2221 729 2258 nec
740 2220 831 2258 verum
844 2204 965 2260 criticum
977 2210 1080 2276 ageret,

133 2287 178 2358 qui
195 2302 271 2357 quam
286 2286 390 2341 dicendi
411 2287 569 2358 elegantiam
589 2288 615 2341 in
632 2287 695 2341 Gaio
716 2286 757 2341 vei
772 2287 883 2359 Uipiano
899 2288 977 2342 etiam
992 2287 1081 2343 invitis

132 2368 244 2424 iibrariis
256 2372 425 2441 requirimus,
441 2369 551 2425 eandem
566 2387 580 2424 a
595 2370 743 2443 Theophiio
758 2378 785 2426 et
801 2370 935 2426 iiorotheo
952 2372 1080 2444 exigeret.

195 2451 233 2507 En
246 2452 325 2508 habes
338 2462 478 2526 praecepta
495 2453 522 2509 in
537 2453 763 2526 recognoscendis
779 2462 806 2509 et
821 2454 992 2509 emendandis
1003 2453 1081 2509 iusti·

131 2537 203 2592 niani
218 2535 431 2592 institutionibus
452 2553 508 2592 mea
523 2539 653 2592 sententia
669 2537 842 2593 observanda.
880 2537 979 2604 Quibus
1002 2554 1016 2592 a
1039 2553 1080 2593 me

131 2619 255 2676 adhibitis
271 2619 369 2674 iactum
384 2629 440 2690 est,
463 2629 493 2675 ut
513 2637 567 2675 non
587 2622 677 2694 paucis
699 2622 725 2676 in
741 2621 808 2677 iocis
823 2620 854 2676 ab
870 2637 899 2676 ea
916 2622 1080 2690 recensione,

131 2721 183 2776 qua
197 2720 270 2759 nunc
284 2703 365 2775 vuigo
386 2705 500 2774 utimur,
520 2703 714 2760 deflectendum
736 2713 824 2775 esset,
846 2705 980 2760 interdum
1003 2707 1081 2761 etiam

131 2789 181 2858 ita,
204 2797 234 2843 ut
248 2804 327 2843 verus
343 2787 395 2843 ioci
410 2804 504 2843 sensus
519 2804 590 2843 nunc
604 2789 718 2860 primum
737 2789 833 2861 aperiri
848 2789 977 2848 videatur.
1016 2787 1080 2842 Gra·

131 2874 236 2926 viorum
257 2871 396 2940 iocorum,
419 2873 463 2944 qui
485 2873 658 2927 mutationem
680 2873 783 2944 experti
803 2880 882 2940 sunt,
903 2872 1015 2927 indicem
1038 2872 1081 2927 hic

132 2955 255 3025 subiicio,
271 2961 301 3010 ut
312 2955 398 3010 iector
414 2954 447 3009 de
465 2963 520 3010 tota
535 2962 627 3010 nostra
642 2959 747 3010 ratione
762 2971 794 3010 ex
806 2957 862 3026 ipsa
877 2971 906 3010 rc
922 2954 1024 3009 facilius
1039 2954 1080 3009 iu-

130 3040 219 3095 dicare
230 3039 326 3111 possit.
357 3037 424 3093 Sunt
439 3039 535 3111 igitur:
556 3055 676 3110 prooem.
694 3038 722 3095 3.
738 3039 764 3108 i,
782 3039 836 3108 10,
853 3038 900 3096 13.
916 3036 966 3107 20,
982 3037 1011 3094 5.
1029 3039 1079 3108 26,

131 3123 160 3181 3.
176 3121 205 3179 5.
222 3122 252 3192 ii,
271 3124 298 3192 1,
317 3123 344 3179 6.
362 3122 412 3178 23.
428 3121 477 3178 39.
494 3121 542 3182 41.
560 3122 612 3191 10,
630 3123 677 3179 10.
697 3121 744 3191 14,
761 3121 789 3180 5.
806 3122 834 3178 7.
851 3122 899 3192 17,
917 3117 963 3197 (6)
983 3122 1010 3178 7.
1027 3121 1078 3190 22,

133 3208 160 3264 1.
177 3206 227 3276 23,
249 3207 277 3262 7.
294 3206 321 3266 8.
339 3206 386 3262 12.
404 3204 514 3278 25,pr.
530 3205 849 3279 ltt,1,8.16.2,pr.
866 3205 894 3262 2.
912 3207 939 3262 3.
958 3207 985 3274 6,
1003 3204 1031 3265 5.
1049 3206 1076 3262 6.

132 3290 181 3348 10.
192 3291 219 3359 9,
228 3308 269 3363 pr.
282 3290 329 3347 10.
339 3289 387 3346 12.
398 3291 446 3360 10,
458 3289 543 3359 3.11,
557 3291 582 3344 1.
592 3287 619 3344 5.
629 3290 677 3359 19,
691 3287 719 3348 2,
729 3289 756 3345 9.
771 3289 821 3359 23,
835 3289 864 3346 2.
877 3289 927 3360 24,
940 3287 968 3345 3.
982 3287 1010 3347 4.
1027 3288 1078 3361 25,

131 3374 160 3431 9.
176 3374 226 3444 26,
243 3374 270 3431 3.
287 3373 336 3444 27,
353 3373 381 3430 5.
399 3373 427 3430 7.
444 3373 495 3444 29,
511 3373 538 3429 2.
556 3373 584 3430 3.
600 3374 641 3443 IV,
658 3373 687 3444 1,
703 3373 731 3433 8.
750 3374 797 3428 11.
814 3373 841 3440 2,
860 3373 887 3429 1.
905 3372 1029 3442 2.3,3.
1048 3371 1079 3428 4.

131 3457 262 3530 5,3.6,
284 3459 310 3514 1.
328 3456 355 3514 2.
372 3457 399 3514 3.
415 3455 445 3514 4.
464 3458 512 3515 10.
530 3455 578 3512 12.
595 3455 643 3513 15.
666 3456 715 3512 20.
732 3455 781 3513 24.
800 3455 849 3513 33.
866 3448 931 3511 33d.
947 3455 1011 3512 33².
1029 3454 1078 3510 39.
