<?xml version="1.0" encoding="UTF-8"?>
<!DOCTYPE html PUBLIC "-//W3C//DTD XHTML 1.0 Transitional//EN"
    "http://www.w3.org/TR/xhtml1/DTD/xhtml1-transitional.dtd">
<html xmlns="http://www.w3.org/1999/xhtml" xml:lang="en" lang="en">
 <head>
  <title>
</title>
<meta http-equiv="Content-Type" content="text/html;charset=utf-8" />
  <meta name='ocr-system' content='tesseract 3.04.00' />
  <meta name='ocr-capabilities' content='ocr_page ocr_carea ocr_par ocr_line ocrx_word'/>
</head>
<body>
  <div class='ocr_page' id='page_1' title='image "./impiustinianiin00huscgoog_0071.png"; bbox 0 0 2492 3896; ppageno 0'>
   <div class='ocr_carea' id='block_1_1' title="bbox 163 177 819 242">
    <p class='ocr_par' dir='ltr' id='par_1_1' title="bbox 163 177 819 242">
     <span class='ocr_line' id='line_1_1' title="bbox 163 177 819 242; baseline 0.005 -14"><span class='ocrx_word' id='word_1_1' title='bbox 163 179 205 242; x_wconf 83' lang='lat'><strong>46</strong></span> <span class='ocrx_word' id='word_1_2' title='bbox 462 194 498 228; x_wconf 85' lang='lat' dir='ltr'><strong>nn</strong></span> <span class='ocrx_word' id='word_1_3' title='bbox 518 191 722 230; x_wconf 79' lang='lat' dir='ltr'><strong>snevrrorreue</strong></span> <span class='ocrx_word' id='word_1_4' title='bbox 741 177 777 240; x_wconf 88' lang='lat'><strong>11,</strong></span> <span class='ocrx_word' id='word_1_5' title='bbox 794 178 819 232; x_wconf 84' lang='grc'><strong>3.</strong></span> 
     </span>
    </p>
   </div>
   <div class='ocr_carea' id='block_1_2' title="bbox 132 331 1158 1076">
    <p class='ocr_par' dir='ltr' id='par_1_2' title="bbox 132 331 1158 1076">
     <span class='ocr_line' id='line_1_2' title="bbox 163 331 1158 409; baseline -0.003 -18"><span class='ocrx_word' id='word_1_6' title='bbox 163 351 219 392; x_wconf 90' lang='lat' dir='ltr'><strong>non</strong></span> <span class='ocrx_word' id='word_1_7' title='bbox 240 343 364 409; x_wconf 81' lang='lat' dir='ltr'>possunt.</span> <span class='ocrx_word' id='word_1_8' title='bbox 396 333 485 406; x_wconf 76' lang='lat' dir='ltr'><strong>qualia</strong></span> <span class='ocrx_word' id='word_1_9' title='bbox 504 341 568 390; x_wconf 89' lang='lat' dir='ltr'><strong>sunt</strong></span> <span class='ocrx_word' id='word_1_10' title='bbox 582 351 630 405; x_wconf 84' lang='lat' dir='ltr'><strong>ee,</strong></span> <span class='ocrx_word' id='word_1_11' title='bbox 651 349 720 406; x_wconf 82' lang='lat' dir='ltr'><strong>quoe</strong></span> <span class='ocrx_word' id='word_1_12' title='bbox 738 334 766 388; x_wconf 91' lang='lat' dir='ltr'><strong>ln</strong></span> <span class='ocrx_word' id='word_1_13' title='bbox 784 334 843 388; x_wconf 86' lang='lat' dir='ltr'><strong>lure</strong></span> <span class='ocrx_word' id='word_1_14' title='bbox 864 331 1037 389; x_wconf 82' lang='lat' dir='ltr'><strong>consistunt:</strong></span> <span class='ocrx_word' id='word_1_15' title='bbox 1063 332 1158 388; x_wconf 80' lang='lat' dir='ltr'><strong>sicut</strong></span> 
     </span>
     <span class='ocr_line' id='line_1_3' title="bbox 164 415 1154 492; baseline -0.004 -16"><span class='ocrx_word' id='word_1_16' title='bbox 164 420 313 489; x_wconf 75' lang='lat' dir='ltr'>hereditas,</span> <span class='ocrx_word' id='word_1_17' title='bbox 336 417 525 488; x_wconf 73' lang='lat' dir='ltr'><strong>ususfructus,</strong></span> <span class='ocrx_word' id='word_1_18' title='bbox 541 417 724 492; x_wconf 78' lang='lat' dir='ltr'><strong>obligationes</strong></span> <span class='ocrx_word' id='word_1_19' title='bbox 738 415 944 489; x_wconf 86' lang='lat' dir='ltr'><strong>quoquomodo</strong></span> <span class='ocrx_word' id='word_1_20' title='bbox 959 422 1154 472; x_wconf 77' lang='lat' dir='ltr'><strong>contractae.</strong></span> 
     </span>
     <span class='ocr_line' id='line_1_4' title="bbox 164 498 1154 574; baseline -0.004 -14"><span class='ocrx_word' id='word_1_21' title='bbox 164 519 215 560; x_wconf 91' lang='lat' dir='ltr'><strong>nec</strong></span> <span class='ocrx_word' id='word_1_22' title='bbox 235 501 267 556; x_wconf 83' lang='lat' dir='ltr'><strong>ed</strong></span> <span class='ocrx_word' id='word_1_23' title='bbox 288 517 345 557; x_wconf 88' lang='lat' dir='ltr'><strong>reor</strong></span> <span class='ocrx_word' id='word_1_24' title='bbox 369 502 501 574; x_wconf 76' lang='lat' dir='ltr'>pertinet,</span> <span class='ocrx_word' id='word_1_25' title='bbox 522 501 596 574; x_wconf 92' lang='lat' dir='ltr'><strong>quod</strong></span> <span class='ocrx_word' id='word_1_26' title='bbox 615 504 643 558; x_wconf 92' lang='lat' dir='ltr'><strong>tn</strong></span> <span class='ocrx_word' id='word_1_27' title='bbox 665 501 816 557; x_wconf 79' lang='lat' dir='ltr'><strong>hereditate</strong></span> <span class='ocrx_word' id='word_1_28' title='bbox 830 516 875 556; x_wconf 90' lang='lat' dir='ltr'><strong>res</strong></span> <span class='ocrx_word' id='word_1_29' title='bbox 889 498 1054 572; x_wconf 73' lang='lat' dir='ltr'><strong>corporales</strong></span> <span class='ocrx_word' id='word_1_30' title='bbox 1070 515 1154 556; x_wconf 82' lang='lat' dir='ltr'><strong>con-</strong></span> 
     </span>
     <span class='ocr_line' id='line_1_5' title="bbox 163 583 1151 658; baseline -0.003 -16"><span class='ocrx_word' id='word_1_31' title='bbox 163 588 301 643; x_wconf 86' lang='lat' dir='ltr'><strong>tinentur:</strong></span> <span class='ocrx_word' id='word_1_32' title='bbox 321 600 381 640; x_wconf 87' lang='lat' dir='ltr'><strong>uem</strong></span> <span class='ocrx_word' id='word_1_33' title='bbox 397 593 424 641; x_wconf 90' lang='lat' dir='ltr'><strong>et</strong></span> <span class='ocrx_word' id='word_1_34' title='bbox 438 584 553 656; x_wconf 88' lang='lat' dir='ltr'><strong>lructus,</strong></span> <span class='ocrx_word' id='word_1_35' title='bbox 573 587 619 658; x_wconf 87' lang='lat' dir='ltr'><strong>qui</strong></span> <span class='ocrx_word' id='word_1_36' title='bbox 634 601 666 641; x_wconf 85' lang='lat' dir='ltr'><strong>ex</strong></span> <span class='ocrx_word' id='word_1_37' title='bbox 681 583 766 642; x_wconf 87' lang='lat' dir='ltr'><strong>lundo</strong></span> <span class='ocrx_word' id='word_1_38' title='bbox 781 585 977 657; x_wconf 85' lang='lat' dir='ltr'><strong>percipiuntur,</strong></span> <span class='ocrx_word' id='word_1_39' title='bbox 997 599 1151 656; x_wconf 79' lang='lat' dir='ltr'><strong>corpora-</strong></span> 
     </span>
     <span class='ocr_line' id='line_1_6' title="bbox 165 666 1149 743; baseline -0.005 -17"><span class='ocrx_word' id='word_1_40' title='bbox 165 669 205 726; x_wconf 88' lang='lat' dir='ltr'><strong>les</strong></span> <span class='ocrx_word' id='word_1_41' title='bbox 221 677 285 725; x_wconf 91' lang='lat' dir='ltr'><strong>sunt</strong></span> <span class='ocrx_word' id='word_1_42' title='bbox 299 675 327 724; x_wconf 91' lang='lat' dir='ltr'><strong>et</strong></span> <span class='ocrx_word' id='word_1_43' title='bbox 341 667 379 740; x_wconf 90' lang='lat' dir='ltr'><strong>id,</strong></span> <span class='ocrx_word' id='word_1_44' title='bbox 401 668 474 741; x_wconf 88' lang='lat' dir='ltr'><strong>quod</strong></span> <span class='ocrx_word' id='word_1_45' title='bbox 496 685 528 726; x_wconf 82' lang='lat' dir='ltr'><strong>ex</strong></span> <span class='ocrx_word' id='word_1_46' title='bbox 548 668 636 741; x_wconf 79' lang='lat' dir='ltr'><strong>ulique</strong></span> <span class='ocrx_word' id='word_1_47' title='bbox 652 667 818 743; x_wconf 74' lang='lat' dir='ltr'><strong>obligetlone</strong></span> <span class='ocrx_word' id='word_1_48' title='bbox 833 666 910 724; x_wconf 88' lang='lat' dir='ltr'><strong>nobis</strong></span> <span class='ocrx_word' id='word_1_49' title='bbox 925 666 1056 740; x_wconf 86' lang='lat' dir='ltr'><strong>debetur,</strong></span> <span class='ocrx_word' id='word_1_50' title='bbox 1078 667 1149 740; x_wconf 80' lang='lat' dir='ltr'><strong>ple·</strong></span> 
     </span>
     <span class='ocr_line' id='line_1_7' title="bbox 164 751 1147 826; baseline -0.004 -16"><span class='ocrx_word' id='word_1_51' title='bbox 164 769 281 825; x_wconf 85' lang='lat' dir='ltr'><strong>rumque</strong></span> <span class='ocrx_word' id='word_1_52' title='bbox 298 752 439 826; x_wconf 86' lang='lat' dir='ltr'><strong>eorporele</strong></span> <span class='ocrx_word' id='word_1_53' title='bbox 461 762 520 823; x_wconf 87' lang='lat' dir='ltr'><strong>est,</strong></span> <span class='ocrx_word' id='word_1_54' title='bbox 546 753 631 809; x_wconf 88' lang='lat' dir='ltr'><strong>velutl</strong></span> <span class='ocrx_word' id='word_1_55' title='bbox 653 752 770 824; x_wconf 89' lang='lat' dir='ltr'><strong>lundus,</strong></span> <span class='ocrx_word' id='word_1_56' title='bbox 791 752 890 822; x_wconf 88' lang='lat' dir='ltr'><strong>homo,</strong></span> <span class='ocrx_word' id='word_1_57' title='bbox 913 751 1045 824; x_wconf 84' lang='lat' dir='ltr'><strong>pecunie:</strong></span> <span class='ocrx_word' id='word_1_58' title='bbox 1072 767 1147 806; x_wconf 78' lang='lat' dir='ltr'><strong>nam</strong></span> 
     </span>
     <span class='ocr_line' id='line_1_8' title="bbox 166 834 1145 910; baseline -0.002 -18"><span class='ocrx_word' id='word_1_59' title='bbox 166 837 255 910; x_wconf 86' lang='lat' dir='ltr'><strong>ipsum</strong></span> <span class='ocrx_word' id='word_1_60' title='bbox 276 838 317 892; x_wconf 86' lang='lat' dir='ltr'><strong>lus</strong></span> <span class='ocrx_word' id='word_1_61' title='bbox 338 836 494 895; x_wconf 73' lang='lat' dir='ltr'><strong>hereditatis</strong></span> <span class='ocrx_word' id='word_1_62' title='bbox 510 844 538 893; x_wconf 87' lang='lat' dir='ltr'><strong>et</strong></span> <span class='ocrx_word' id='word_1_63' title='bbox 551 837 640 910; x_wconf 87' lang='lat' dir='ltr'><strong>ipsum</strong></span> <span class='ocrx_word' id='word_1_64' title='bbox 656 837 698 893; x_wconf 89' lang='lat' dir='ltr'><strong>ius</strong></span> <span class='ocrx_word' id='word_1_65' title='bbox 712 834 916 892; x_wconf 88' lang='lat' dir='ltr'><strong>utendiirueudl</strong></span> <span class='ocrx_word' id='word_1_66' title='bbox 936 842 964 892; x_wconf 92' lang='lat' dir='ltr'><strong>et</strong></span> <span class='ocrx_word' id='word_1_67' title='bbox 978 836 1076 907; x_wconf 87' lang='lat' dir='ltr'><strong>ipsum</strong></span> <span class='ocrx_word' id='word_1_68' title='bbox 1093 836 1145 890; x_wconf 84' lang='lat' dir='ltr'><strong>ius</strong></span> 
     </span>
     <span class='ocr_line' id='line_1_9' title="bbox 132 919 1143 994; baseline -0.005 -15"><span class='ocrx_word' id='word_1_69' title='bbox 132 929 148 979; x_wconf 82' lang='lat'>3</span> <span class='ocrx_word' id='word_1_70' title='bbox 167 920 339 994; x_wconf 76' lang='lat' dir='ltr'><strong>obligationis</strong></span> <span class='ocrx_word' id='word_1_71' title='bbox 359 920 529 994; x_wconf 84' lang='lat' dir='ltr'><strong>incorportle</strong></span> <span class='ocrx_word' id='word_1_72' title='bbox 550 928 603 977; x_wconf 89' lang='lat' dir='ltr'><strong>est.</strong></span> <span class='ocrx_word' id='word_1_73' title='bbox 631 919 731 976; x_wconf 77' lang='lat' dir='ltr'><strong>Eodem</strong></span> <span class='ocrx_word' id='word_1_74' title='bbox 750 934 865 976; x_wconf 87' lang='lat' dir='ltr'><strong>numero</strong></span> <span class='ocrx_word' id='word_1_75' title='bbox 884 927 949 974; x_wconf 91' lang='lat' dir='ltr'><strong>sunt</strong></span> <span class='ocrx_word' id='word_1_76' title='bbox 968 919 1029 974; x_wconf 74' lang='lat' dir='ltr'><strong>iura</strong></span> <span class='ocrx_word' id='word_1_77' title='bbox 1049 935 1143 991; x_wconf 82' lang='lat' dir='ltr'><strong>proe-</strong></span> 
     </span>
     <span class='ocr_line' id='line_1_10' title="bbox 165 1003 1142 1076; baseline -0.005 -15"><span class='ocrx_word' id='word_1_78' title='bbox 165 1005 273 1064; x_wconf 87' lang='lat' dir='ltr'><strong>diorum</strong></span> <span class='ocrx_word' id='word_1_79' title='bbox 288 1003 453 1060; x_wconf 84' lang='lat' dir='ltr'><strong>urbanorum</strong></span> <span class='ocrx_word' id='word_1_80' title='bbox 467 1012 495 1060; x_wconf 91' lang='lat' dir='ltr'><strong>et</strong></span> <span class='ocrx_word' id='word_1_81' title='bbox 510 1005 685 1075; x_wconf 88' lang='lat' dir='ltr'><strong>rusticorum,</strong></span> <span class='ocrx_word' id='word_1_82' title='bbox 699 1019 768 1076; x_wconf 81' lang='lat' dir='ltr'><strong>quoe</strong></span> <span class='ocrx_word' id='word_1_83' title='bbox 782 1009 811 1060; x_wconf 93' lang='lat' dir='ltr'><strong>et</strong></span> <span class='ocrx_word' id='word_1_84' title='bbox 825 1003 972 1059; x_wconf 80' lang='lat' dir='ltr'><strong>servitutes</strong></span> <span class='ocrx_word' id='word_1_85' title='bbox 985 1011 1142 1058; x_wconf 80' lang='lat' dir='ltr'><strong>vocentur.</strong></span> 
     </span>
    </p>
   </div>
   <div class='ocr_carea' id='block_1_3' title="bbox 474 1215 818 1352">
    <p class='ocr_par' dir='ltr' id='par_1_3' title="bbox 474 1215 818 1352">
     <span class='ocr_line' id='line_1_11' title="bbox 588 1215 704 1256; baseline 0 -1"><span class='ocrx_word' id='word_1_86' title='bbox 588 1215 645 1256; x_wconf 82' lang='lat' dir='ltr'><strong>nro.</strong></span> <span class='ocrx_word' id='word_1_87' title='bbox 659 1215 704 1255; x_wconf 81' lang='lat'><strong>111.</strong></span> 
     </span>
     <span class='ocr_line' id='line_1_12' title="bbox 474 1297 818 1352; baseline 0.003 -2"><span class='ocrx_word' id='word_1_88' title='bbox 474 1301 524 1350; x_wconf 79' lang='lat' dir='ltr'><strong>Du</strong></span> <span class='ocrx_word' id='word_1_89' title='bbox 543 1297 818 1352; x_wconf 76' lang='lat' dir='ltr'><strong>SERVITUTIBUS.</strong></span> 
     </span>
    </p>
   </div>
   <div class='ocr_carea' id='block_1_4' title="bbox 25 1415 1135 2990">
    <p class='ocr_par' dir='ltr' id='par_1_4' title="bbox 116 1415 1135 1996">
     <span class='ocr_line' id='line_1_13' title="bbox 116 1415 1135 1496; baseline 0 -16"><span class='ocrx_word' id='word_1_90' title='bbox 116 1427 151 1469; x_wconf 74' lang='lat' dir='ltr'><strong>Pr·</strong></span> <span class='ocrx_word' id='word_1_91' title='bbox 231 1415 420 1480; x_wconf 79' lang='lat' dir='ltr'><strong>¹llustu&#39;corum</strong></span> <span class='ocrx_word' id='word_1_92' title='bbox 435 1421 605 1496; x_wconf 80' lang='lat' dir='ltr'><strong>praediorum</strong></span> <span class='ocrx_word' id='word_1_93' title='bbox 621 1423 679 1478; x_wconf 79' lang='lat' dir='ltr'><strong>iure</strong></span> <span class='ocrx_word' id='word_1_94' title='bbox 693 1428 757 1476; x_wconf 92' lang='lat' dir='ltr'><strong>sunt</strong></span> <span class='ocrx_word' id='word_1_95' title='bbox 777 1422 857 1478; x_wconf 80' lang='lat' dir='ltr'><strong>hoco:</strong></span> <span class='ocrx_word' id='word_1_96' title='bbox 879 1423 942 1494; x_wconf 87' lang='lat' dir='ltr'><strong>iter,</strong></span> <span class='ocrx_word' id='word_1_97' title='bbox 964 1429 1051 1492; x_wconf 85' lang='lat' dir='ltr'><strong>nctus,</strong></span> <span class='ocrx_word' id='word_1_98' title='bbox 1077 1423 1135 1496; x_wconf 85' lang='lat' dir='ltr'><strong>vio,</strong></span> 
     </span>
     <span class='ocr_line' id='line_1_14' title="bbox 167 1504 1135 1580; baseline 0.001 -17"><span class='ocrx_word' id='word_1_99' title='bbox 167 1507 380 1580; x_wconf 78' lang='lat' dir='ltr'><strong>aquaeductus.</strong></span> <span class='ocrx_word' id='word_1_100' title='bbox 418 1509 470 1562; x_wconf 88' lang='lat' dir='ltr'><strong>iter</strong></span> <span class='ocrx_word' id='word_1_101' title='bbox 491 1516 534 1563; x_wconf 85' lang='lat' dir='ltr'><strong>est</strong></span> <span class='ocrx_word' id='word_1_102' title='bbox 563 1509 605 1562; x_wconf 88' lang='lat' dir='ltr'><strong>ius</strong></span> <span class='ocrx_word' id='word_1_103' title='bbox 628 1505 723 1576; x_wconf 89' lang='lat' dir='ltr'><strong>eundi,</strong></span> <span class='ocrx_word' id='word_1_104' title='bbox 752 1504 903 1562; x_wconf 74' lang='lat' dir='ltr'><strong>ambulandi</strong></span> <span class='ocrx_word' id='word_1_105' title='bbox 925 1506 1042 1576; x_wconf 86' lang='lat' dir='ltr'><strong>homini,</strong></span> <span class='ocrx_word' id='word_1_106' title='bbox 1072 1524 1135 1564; x_wconf 90' lang='lat' dir='ltr'><strong>non</strong></span> 
     </span>
     <span class='ocr_line' id='line_1_15' title="bbox 167 1589 1134 1664; baseline 0 -16"><span class='ocrx_word' id='word_1_107' title='bbox 167 1594 247 1649; x_wconf 85' lang='lat' dir='ltr'><strong>etiem</strong></span> <span class='ocrx_word' id='word_1_108' title='bbox 262 1592 412 1647; x_wconf 88' lang='lat' dir='ltr'><strong>iumentum</strong></span> <span class='ocrx_word' id='word_1_109' title='bbox 424 1590 521 1664; x_wconf 77' lang='lat' dir='ltr'><strong>agendi</strong></span> <span class='ocrx_word' id='word_1_110' title='bbox 533 1590 574 1647; x_wconf 90' lang='lat' dir='ltr'><strong>vel</strong></span> <span class='ocrx_word' id='word_1_111' title='bbox 584 1589 751 1646; x_wconf 86' lang='lat' dir='ltr'><strong>vehiculum:</strong></span> <span class='ocrx_word' id='word_1_112' title='bbox 767 1598 843 1646; x_wconf 84' lang='lat' dir='ltr'><strong>octus</strong></span> <span class='ocrx_word' id='word_1_113' title='bbox 859 1591 956 1646; x_wconf 90' lang='lat' dir='ltr'><strong>estius</strong></span> <span class='ocrx_word' id='word_1_114' title='bbox 972 1589 1070 1663; x_wconf 79' lang='lat' dir='ltr'><strong>agendi</strong></span> <span class='ocrx_word' id='word_1_115' title='bbox 1087 1591 1134 1648; x_wconf 89' lang='lat' dir='ltr'><strong>vel</strong></span> 
     </span>
     <span class='ocr_line' id='line_1_16' title="bbox 167 1671 1133 1745; baseline 0.001 -16"><span class='ocrx_word' id='word_1_116' title='bbox 167 1676 318 1732; x_wconf 85' lang='lat' dir='ltr'><strong>iumentum</strong></span> <span class='ocrx_word' id='word_1_117' title='bbox 333 1674 376 1730; x_wconf 89' lang='lat' dir='ltr'><strong>vel</strong></span> <span class='ocrx_word' id='word_1_118' title='bbox 391 1671 552 1730; x_wconf 86' lang='lat' dir='ltr'><strong>vehiculum.</strong></span> <span class='ocrx_word' id='word_1_119' title='bbox 589 1675 681 1745; x_wconf 84' lang='lat' dir='ltr'><strong>itaque</strong></span> <span class='ocrx_word' id='word_1_120' title='bbox 703 1675 750 1745; x_wconf 91' lang='lat' dir='ltr'><strong>qui</strong></span> <span class='ocrx_word' id='word_1_121' title='bbox 773 1673 826 1730; x_wconf 86' lang='lat' dir='ltr'><strong>iter</strong></span> <span class='ocrx_word' id='word_1_122' title='bbox 847 1671 935 1743; x_wconf 82' lang='lat' dir='ltr'><strong>hebet,</strong></span> <span class='ocrx_word' id='word_1_123' title='bbox 960 1682 1048 1730; x_wconf 78' lang='lat' dir='ltr'><strong>ectum</strong></span> <span class='ocrx_word' id='word_1_124' title='bbox 1071 1691 1133 1732; x_wconf 90' lang='lat' dir='ltr'><strong>uon</strong></span> 
     </span>
     <span class='ocr_line' id='line_1_17' title="bbox 168 1755 1132 1830; baseline 0.002 -16"><span class='ocrx_word' id='word_1_125' title='bbox 168 1757 267 1825; x_wconf 79' lang='lat' dir='ltr'><strong>habet3</strong></span> <span class='ocrx_word' id='word_1_126' title='bbox 289 1759 336 1828; x_wconf 90' lang='lat' dir='ltr'><strong>qui</strong></span> <span class='ocrx_word' id='word_1_127' title='bbox 351 1763 439 1812; x_wconf 83' lang='lat' dir='ltr'><strong>ectum</strong></span> <span class='ocrx_word' id='word_1_128' title='bbox 459 1755 556 1827; x_wconf 82' lang='lat' dir='ltr'><strong>hebet,</strong></span> <span class='ocrx_word' id='word_1_129' title='bbox 579 1765 608 1814; x_wconf 91' lang='lat' dir='ltr'><strong>et</strong></span> <span class='ocrx_word' id='word_1_130' title='bbox 621 1759 672 1812; x_wconf 89' lang='lat' dir='ltr'><strong>iter</strong></span> <span class='ocrx_word' id='word_1_131' title='bbox 687 1756 767 1814; x_wconf 85' lang='lat' dir='ltr'><strong>hebet</strong></span> <span class='ocrx_word' id='word_1_132' title='bbox 781 1773 868 1829; x_wconf 92' lang='lat' dir='ltr'><strong>eoque</strong></span> <span class='ocrx_word' id='word_1_133' title='bbox 883 1759 924 1812; x_wconf 93' lang='lat' dir='ltr'><strong>uti</strong></span> <span class='ocrx_word' id='word_1_134' title='bbox 938 1765 1032 1830; x_wconf 90' lang='lat' dir='ltr'><strong>potest</strong></span> <span class='ocrx_word' id='word_1_135' title='bbox 1045 1757 1132 1816; x_wconf 81' lang='lat' dir='ltr'><strong>etiem</strong></span> 
     </span>
     <span class='ocr_line' id='line_1_18' title="bbox 169 1839 1131 1914; baseline 0.001 -18"><span class='ocrx_word' id='word_1_136' title='bbox 169 1841 227 1898; x_wconf 90' lang='lat' dir='ltr'><strong>sine</strong></span> <span class='ocrx_word' id='word_1_137' title='bbox 249 1840 380 1896; x_wconf 88' lang='lat' dir='ltr'><strong>iumento.</strong></span> <span class='ocrx_word' id='word_1_138' title='bbox 417 1840 457 1896; x_wconf 85' lang='lat' dir='ltr'><strong>vis</strong></span> <span class='ocrx_word' id='word_1_139' title='bbox 472 1843 570 1899; x_wconf 89' lang='lat' dir='ltr'><strong>estius</strong></span> <span class='ocrx_word' id='word_1_140' title='bbox 585 1840 667 1898; x_wconf 86' lang='lat' dir='ltr'><strong>eundi</strong></span> <span class='ocrx_word' id='word_1_141' title='bbox 682 1847 709 1896; x_wconf 92' lang='lat' dir='ltr'><strong>et</strong></span> <span class='ocrx_word' id='word_1_142' title='bbox 724 1840 822 1914; x_wconf 76' lang='lat' dir='ltr'><strong>egendi</strong></span> <span class='ocrx_word' id='word_1_143' title='bbox 836 1849 864 1896; x_wconf 91' lang='lat' dir='ltr'><strong>et</strong></span> <span class='ocrx_word' id='word_1_144' title='bbox 879 1839 1045 1896; x_wconf 78' lang='lat' dir='ltr'><strong>ambulandi:</strong></span> <span class='ocrx_word' id='word_1_145' title='bbox 1066 1858 1131 1898; x_wconf 77' lang='lat' dir='ltr'><strong>nem</strong></span> 
     </span>
     <span class='ocr_line' id='line_1_19' title="bbox 170 1924 1130 1996; baseline 0.001 -15"><span class='ocrx_word' id='word_1_146' title='bbox 170 1933 198 1981; x_wconf 90' lang='lat' dir='ltr'><strong>et</strong></span> <span class='ocrx_word' id='word_1_147' title='bbox 218 1924 272 1980; x_wconf 91' lang='lat' dir='ltr'><strong>iter</strong></span> <span class='ocrx_word' id='word_1_148' title='bbox 293 1933 321 1980; x_wconf 91' lang='lat' dir='ltr'><strong>et</strong></span> <span class='ocrx_word' id='word_1_149' title='bbox 343 1933 430 1980; x_wconf 84' lang='lat' dir='ltr'><strong>aetum</strong></span> <span class='ocrx_word' id='word_1_150' title='bbox 453 1924 480 1980; x_wconf 89' lang='lat' dir='ltr'><strong>iu</strong></span> <span class='ocrx_word' id='word_1_151' title='bbox 503 1940 533 1980; x_wconf 90' lang='lat' dir='ltr'><strong>se</strong></span> <span class='ocrx_word' id='word_1_152' title='bbox 559 1925 600 1980; x_wconf 87' lang='lat' dir='ltr'><strong>vie</strong></span> <span class='ocrx_word' id='word_1_153' title='bbox 621 1925 752 1980; x_wconf 89' lang='lat' dir='ltr'><strong>eontinet.</strong></span> <span class='ocrx_word' id='word_1_154' title='bbox 796 1941 880 1996; x_wconf 85' lang='lat' dir='ltr'><strong>equae</strong></span> <span class='ocrx_word' id='word_1_155' title='bbox 902 1925 999 1982; x_wconf 88' lang='lat' dir='ltr'><strong>ductus</strong></span> <span class='ocrx_word' id='word_1_156' title='bbox 1021 1932 1064 1980; x_wconf 85' lang='lat' dir='ltr'><strong>est</strong></span> <span class='ocrx_word' id='word_1_157' title='bbox 1084 1927 1130 1982; x_wconf 90' lang='lat' dir='ltr'><strong>ius</strong></span> 
     </span>
    </p>

    <p class='ocr_par' dir='ltr' id='par_1_5' title="bbox 137 2007 1129 2500">
     <span class='ocr_line' id='line_1_20' title="bbox 137 2007 1129 2082; baseline 0.006 -22"><span class='ocrx_word' id='word_1_158' title='bbox 137 2011 150 2060; x_wconf 91' lang='lat'>1</span> <span class='ocrx_word' id='word_1_159' title='bbox 170 2025 253 2082; x_wconf 79' lang='lat' dir='ltr'><strong>oquae</strong></span> <span class='ocrx_word' id='word_1_160' title='bbox 268 2007 404 2066; x_wconf 80' lang='lat' dir='ltr'><strong>ducendae</strong></span> <span class='ocrx_word' id='word_1_161' title='bbox 419 2024 468 2082; x_wconf 90' lang='lat' dir='ltr'><strong>per</strong></span> <span class='ocrx_word' id='word_1_162' title='bbox 482 2007 593 2066; x_wconf 81' lang='lat' dir='ltr'><strong>fundum</strong></span> <span class='ocrx_word' id='word_1_163' title='bbox 608 2008 730 2065; x_wconf 80' lang='lat' dir='ltr'><strong>alienum.</strong></span> <span class='ocrx_word' id='word_1_164' title='bbox 775 2007 948 2064; x_wconf 79' lang='lat' dir='ltr'><strong>Praedictum</strong></span> <span class='ocrx_word' id='word_1_165' title='bbox 963 2007 1129 2066; x_wconf 82' lang='lat' dir='ltr'><strong>urbanorum</strong></span> 
     </span>
     <span class='ocr_line' id='line_1_21' title="bbox 170 2091 1128 2165; baseline 0 -15"><span class='ocrx_word' id='word_1_166' title='bbox 170 2101 235 2150; x_wconf 87' lang='lat' dir='ltr'><strong>suut</strong></span> <span class='ocrx_word' id='word_1_167' title='bbox 262 2095 422 2164; x_wconf 86' lang='lat' dir='ltr'><strong>servitutes,</strong></span> <span class='ocrx_word' id='word_1_168' title='bbox 449 2109 517 2165; x_wconf 83' lang='lat' dir='ltr'><strong>quae</strong></span> <span class='ocrx_word' id='word_1_169' title='bbox 545 2091 670 2150; x_wconf 80' lang='lat' dir='ltr'><strong>aedificiis</strong></span> <span class='ocrx_word' id='word_1_170' title='bbox 697 2092 854 2162; x_wconf 77' lang='lat' dir='ltr'><strong>inhaerent,</strong></span> <span class='ocrx_word' id='word_1_171' title='bbox 881 2091 942 2148; x_wconf 90' lang='lat' dir='ltr'><strong>ideo</strong></span> <span class='ocrx_word' id='word_1_172' title='bbox 964 2091 1128 2150; x_wconf 76' lang='lat' dir='ltr'><strong>urbanorum</strong></span> 
     </span>
     <span class='ocr_line' id='line_1_22' title="bbox 168 2175 1127 2253; baseline -0.002 -19"><span class='ocrx_word' id='word_1_173' title='bbox 168 2178 340 2253; x_wconf 82' lang='lat' dir='ltr'><strong>praediorum</strong></span> <span class='ocrx_word' id='word_1_174' title='bbox 367 2177 468 2249; x_wconf 80' lang='lat' dir='ltr'><strong>dictae,</strong></span> <span class='ocrx_word' id='word_1_175' title='bbox 497 2178 622 2250; x_wconf 81' lang='lat' dir='ltr'><strong>quoniam</strong></span> <span class='ocrx_word' id='word_1_176' title='bbox 645 2175 764 2232; x_wconf 78' lang='lat' dir='ltr'><strong>aedificio</strong></span> <span class='ocrx_word' id='word_1_177' title='bbox 786 2177 874 2231; x_wconf 80' lang='lat' dir='ltr'><strong>omnin</strong></span> <span class='ocrx_word' id='word_1_178' title='bbox 896 2176 997 2232; x_wconf 80' lang='lat' dir='ltr'><strong>urbana</strong></span> <span class='ocrx_word' id='word_1_179' title='bbox 1018 2176 1127 2250; x_wconf 79' lang='lat' dir='ltr'><strong>praedis</strong></span> 
     </span>
     <span class='ocr_line' id='line_1_23' title="bbox 170 2253 1126 2334; baseline 0 -18"><span class='ocrx_word' id='word_1_180' title='bbox 170 2255 349 2334; x_wconf 83' lang='lat' dir='ltr'><strong>appellentur,</strong></span> <span class='ocrx_word' id='word_1_181' title='bbox 362 2263 412 2316; x_wconf 87' lang='lat' dir='ltr'><strong>etsi</strong></span> <span class='ocrx_word' id='word_1_182' title='bbox 428 2261 455 2316; x_wconf 90' lang='lat' dir='ltr'><strong>iu</strong></span> <span class='ocrx_word' id='word_1_183' title='bbox 470 2260 531 2316; x_wconf 85' lang='lat' dir='ltr'><strong>ville</strong></span> <span class='ocrx_word' id='word_1_184' title='bbox 543 2259 680 2316; x_wconf 80' lang='lat' dir='ltr'><strong>aedificata</strong></span> <span class='ocrx_word' id='word_1_185' title='bbox 690 2268 763 2316; x_wconf 89' lang='lat' dir='ltr'><strong>sunt.</strong></span> <span class='ocrx_word' id='word_1_186' title='bbox 794 2253 878 2314; x_wconf 79' lang='lat' dir='ltr'><strong>itenr²</strong></span> <span class='ocrx_word' id='word_1_187' title='bbox 892 2256 1066 2332; x_wconf 83' lang='lat' dir='ltr'><strong>praediorum</strong></span> <span class='ocrx_word' id='word_1_188' title='bbox 1080 2278 1126 2316; x_wconf 90' lang='lat' dir='ltr'><strong>ur·</strong></span> 
     </span>
     <span class='ocr_line' id='line_1_24' title="bbox 170 2343 1124 2402; baseline 0.001 -2"><span class='ocrx_word' id='word_1_189' title='bbox 170 2343 302 2402; x_wconf 85' lang='lat' dir='ltr'><strong>benorum</strong></span> <span class='ocrx_word' id='word_1_190' title='bbox 316 2345 459 2400; x_wconf 78' lang='lat' dir='ltr'><strong>servitutes</strong></span> <span class='ocrx_word' id='word_1_191' title='bbox 474 2352 538 2400; x_wconf 88' lang='lat' dir='ltr'><strong>suut</strong></span> <span class='ocrx_word' id='word_1_192' title='bbox 551 2345 614 2400; x_wconf 82' lang='lat' dir='ltr'><strong>hee:</strong></span> <span class='ocrx_word' id='word_1_193' title='bbox 630 2352 661 2399; x_wconf 87' lang='lat' dir='ltr'><strong>ut</strong></span> <span class='ocrx_word' id='word_1_194' title='bbox 675 2344 777 2399; x_wconf 90' lang='lat' dir='ltr'><strong>vicinus</strong></span> <span class='ocrx_word' id='word_1_195' title='bbox 788 2359 870 2398; x_wconf 85' lang='lat' dir='ltr'><strong>onere</strong></span> <span class='ocrx_word' id='word_1_196' title='bbox 886 2345 964 2400; x_wconf 88' lang='lat' dir='ltr'><strong>vicini</strong></span> <span class='ocrx_word' id='word_1_197' title='bbox 978 2345 1124 2402; x_wconf 76' lang='lat' dir='ltr'><strong>sustineat:</strong></span> 
     </span>
     <span class='ocr_line' id='line_1_25' title="bbox 173 2427 1124 2500; baseline 0.002 -18"><span class='ocrx_word' id='word_1_198' title='bbox 173 2436 203 2482; x_wconf 88' lang='lat' dir='ltr'><strong>ut</strong></span> <span class='ocrx_word' id='word_1_199' title='bbox 221 2428 249 2482; x_wconf 91' lang='lat' dir='ltr'><strong>io</strong></span> <span class='ocrx_word' id='word_1_200' title='bbox 269 2428 397 2499; x_wconf 85' lang='lat' dir='ltr'><strong>parietem</strong></span> <span class='ocrx_word' id='word_1_201' title='bbox 417 2428 474 2482; x_wconf 88' lang='lat' dir='ltr'><strong>eius</strong></span> <span class='ocrx_word' id='word_1_202' title='bbox 495 2427 573 2484; x_wconf 85' lang='lat' dir='ltr'><strong>liceet</strong></span> <span class='ocrx_word' id='word_1_203' title='bbox 591 2428 679 2483; x_wconf 91' lang='lat' dir='ltr'><strong>vicino</strong></span> <span class='ocrx_word' id='word_1_204' title='bbox 701 2427 805 2500; x_wconf 80' lang='lat' dir='ltr'><strong>tignum</strong></span> <span class='ocrx_word' id='word_1_205' title='bbox 826 2427 982 2484; x_wconf 87' lang='lat' dir='ltr'><strong>immittere:</strong></span> <span class='ocrx_word' id='word_1_206' title='bbox 1005 2435 1035 2484; x_wconf 89' lang='lat' dir='ltr'><strong>ut</strong></span> <span class='ocrx_word' id='word_1_207' title='bbox 1048 2428 1124 2484; x_wconf 89' lang='lat' dir='ltr'><strong>stilli-</strong></span> 
     </span>
    </p>

    <p class='ocr_par' dir='ltr' id='par_1_6' title="bbox 25 2508 1123 2583">
     <span class='ocr_line' id='line_1_26' title="bbox 25 2508 1123 2583; baseline 0.003 -18"><span class='ocrx_word' id='word_1_208' title='bbox 25 2547 27 2550; x_wconf 92' lang='lat'>-</span> <span class='ocrx_word' id='word_1_209' title='bbox 172 2510 271 2566; x_wconf 79' lang='lat' dir='ltr'><strong>sidium</strong></span> <span class='ocrx_word' id='word_1_210' title='bbox 291 2509 334 2564; x_wconf 89' lang='lat' dir='ltr'><strong>vel</strong></span> <span class='ocrx_word' id='word_1_211' title='bbox 354 2508 453 2565; x_wconf 87' lang='lat' dir='ltr'><strong>flumen</strong></span> <span class='ocrx_word' id='word_1_212' title='bbox 473 2512 583 2583; x_wconf 84' lang='lat' dir='ltr'><strong>recipiet</strong></span> <span class='ocrx_word' id='word_1_213' title='bbox 602 2511 662 2582; x_wconf 87' lang='lat' dir='ltr'><strong>quis</strong></span> <span class='ocrx_word' id='word_1_214' title='bbox 684 2511 712 2564; x_wconf 91' lang='lat' dir='ltr'><strong>in</strong></span> <span class='ocrx_word' id='word_1_215' title='bbox 733 2511 811 2566; x_wconf 78' lang='lat' dir='ltr'><strong>sedes</strong></span> <span class='ocrx_word' id='word_1_216' title='bbox 834 2527 895 2566; x_wconf 83' lang='lat' dir='ltr'><strong>suus</strong></span> <span class='ocrx_word' id='word_1_217' title='bbox 917 2509 959 2568; x_wconf 92' lang='lat' dir='ltr'><strong>vel</strong></span> <span class='ocrx_word' id='word_1_218' title='bbox 980 2513 1008 2566; x_wconf 91' lang='lat' dir='ltr'><strong>in</strong></span> <span class='ocrx_word' id='word_1_219' title='bbox 1029 2527 1123 2583; x_wconf 82' lang='lat' dir='ltr'><strong>ereum,</strong></span> 
     </span>
    </p>

    <p class='ocr_par' dir='ltr' id='par_1_7' title="bbox 25 2551 1122 2667">
     <span class='ocr_line' id='line_1_27' title="bbox 25 2551 1122 2667; baseline 0.004 -19"><span class='ocrx_word' id='word_1_220' title='bbox 25 2551 29 2664; x_wconf 69' lang='lat' dir='ltr'><strong>l,</strong></span> <span class='ocrx_word' id='word_1_221' title='bbox 172 2595 214 2650; x_wconf 90' lang='lat' dir='ltr'><strong>vel</strong></span> <span class='ocrx_word' id='word_1_222' title='bbox 229 2610 284 2649; x_wconf 92' lang='lat' dir='ltr'><strong>non</strong></span> <span class='ocrx_word' id='word_1_223' title='bbox 299 2593 423 2666; x_wconf 82' lang='lat' dir='ltr'><strong>recipiet:</strong></span> <span class='ocrx_word' id='word_1_224' title='bbox 448 2603 475 2649; x_wconf 92' lang='lat' dir='ltr'><strong>et</strong></span> <span class='ocrx_word' id='word_1_225' title='bbox 489 2611 523 2650; x_wconf 91' lang='lat' dir='ltr'><strong>ne</strong></span> <span class='ocrx_word' id='word_1_226' title='bbox 537 2593 617 2649; x_wconf 80' lang='lat' dir='ltr'><strong>altius</strong></span> <span class='ocrx_word' id='word_1_227' title='bbox 628 2593 706 2648; x_wconf 82' lang='lat' dir='ltr'><strong>tollat</strong></span> <span class='ocrx_word' id='word_1_228' title='bbox 720 2595 780 2665; x_wconf 89' lang='lat' dir='ltr'><strong>quis</strong></span> <span class='ocrx_word' id='word_1_229' title='bbox 802 2593 880 2650; x_wconf 80' lang='lat' dir='ltr'><strong>sedes</strong></span> <span class='ocrx_word' id='word_1_230' title='bbox 900 2611 977 2667; x_wconf 86' lang='lat' dir='ltr'><strong>sues,</strong></span> <span class='ocrx_word' id='word_1_231' title='bbox 999 2612 1033 2651; x_wconf 90' lang='lat' dir='ltr'><strong>ne</strong></span> <span class='ocrx_word' id='word_1_232' title='bbox 1048 2595 1122 2652; x_wconf 89' lang='lat' dir='ltr'><strong>lurni·</strong></span> 
     </span>
    </p>

    <p class='ocr_par' dir='ltr' id='par_1_8' title="bbox 26 2669 1122 2990">
     <span class='ocr_line' id='line_1_28' title="bbox 26 2669 1122 2750; baseline 0.005 -19"><span class='ocrx_word' id='word_1_233' title='bbox 26 2679 27 2686; x_wconf 44' lang='lat'>³</span> <span class='ocrx_word' id='word_1_234' title='bbox 139 2677 250 2734; x_wconf 72' lang='lat' dir='ltr'><strong>unibus</strong></span> <span class='ocrx_word' id='word_1_235' title='bbox 269 2675 352 2734; x_wconf 90' lang='lat' dir='ltr'><strong>vicini</strong></span> <span class='ocrx_word' id='word_1_236' title='bbox 372 2675 513 2734; x_wconf 82' lang='lat' dir='ltr'><strong>officiatur.</strong></span> <span class='ocrx_word' id='word_1_237' title='bbox 550 2669 596 2732; x_wconf 75' lang='lat' dir='ltr'><strong>³lu</strong></span> <span class='ocrx_word' id='word_1_238' title='bbox 619 2679 783 2733; x_wconf 89' lang='lat' dir='ltr'><strong>rusticorum</strong></span> <span class='ocrx_word' id='word_1_239' title='bbox 800 2677 971 2750; x_wconf 82' lang='lat' dir='ltr'><strong>praediorum</strong></span> <span class='ocrx_word' id='word_1_240' title='bbox 992 2679 1122 2737; x_wconf 89' lang='lat' dir='ltr'><strong>servituti·</strong></span> 
     </span>
     <span class='ocr_line' id='line_1_29' title="bbox 173 2756 1121 2837; baseline 0.003 -20"><span class='ocrx_word' id='word_1_241' title='bbox 173 2756 244 2818; x_wconf 80' lang='lat' dir='ltr'><strong>bus⁴</strong></span> <span class='ocrx_word' id='word_1_242' title='bbox 257 2761 364 2834; x_wconf 83' lang='lat' dir='ltr'><strong>quidem</strong></span> <span class='ocrx_word' id='word_1_243' title='bbox 386 2761 534 2834; x_wconf 82' lang='lat' dir='ltr'><strong>computari</strong></span> <span class='ocrx_word' id='word_1_244' title='bbox 555 2769 629 2817; x_wconf 90' lang='lat' dir='ltr'><strong>recte</strong></span> <span class='ocrx_word' id='word_1_245' title='bbox 650 2769 746 2834; x_wconf 83' lang='lat' dir='ltr'><strong>putant</strong></span> <span class='ocrx_word' id='word_1_246' title='bbox 760 2777 844 2834; x_wconf 82' lang='lat' dir='ltr'><strong>equae</strong></span> <span class='ocrx_word' id='word_1_247' title='bbox 860 2761 1000 2833; x_wconf 81' lang='lat' dir='ltr'><strong>haustum,</strong></span> <span class='ocrx_word' id='word_1_248' title='bbox 1022 2767 1121 2837; x_wconf 85' lang='lat' dir='ltr'><strong>pecoris</strong></span> 
     </span>
     <span class='ocr_line' id='line_1_30' title="bbox 172 2845 1120 2920; baseline 0.003 -18"><span class='ocrx_word' id='word_1_249' title='bbox 172 2846 205 2902; x_wconf 82' lang='lat' dir='ltr'><strong>od</strong></span> <span class='ocrx_word' id='word_1_250' title='bbox 220 2863 315 2919; x_wconf 83' lang='lat' dir='ltr'><strong>equom</strong></span> <span class='ocrx_word' id='word_1_251' title='bbox 330 2845 489 2920; x_wconf 81' lang='lat' dir='ltr'><strong>adpulsum,</strong></span> <span class='ocrx_word' id='word_1_252' title='bbox 509 2847 551 2900; x_wconf 89' lang='lat' dir='ltr'><strong>ius</strong></span> <span class='ocrx_word' id='word_1_253' title='bbox 565 2845 709 2918; x_wconf 82' lang='lat' dir='ltr'><strong>pascendi,</strong></span> <span class='ocrx_word' id='word_1_254' title='bbox 731 2845 809 2901; x_wconf 80' lang='lat' dir='ltr'><strong>caleis</strong></span> <span class='ocrx_word' id='word_1_255' title='bbox 824 2846 993 2917; x_wconf 80' lang='lat' dir='ltr'><strong>coquendae,</strong></span> <span class='ocrx_word' id='word_1_256' title='bbox 1014 2847 1120 2905; x_wconf 78' lang='lat' dir='ltr'><strong>huenee</strong></span> 
     </span>
     <span class='ocr_line' id='line_1_31' title="bbox 172 2930 321 2990; baseline 0.034 -5"><span class='ocrx_word' id='word_1_257' title='bbox 172 2930 321 2990; x_wconf 80' lang='lat' dir='ltr'><strong>fodiendae.</strong></span> 
     </span>
    </p>
   </div>
   <div class='ocr_carea' id='block_1_5' title="bbox 172 3174 1118 3510">
    <p class='ocr_par' dir='ltr' id='par_1_9' title="bbox 172 3174 1118 3510">
     <span class='ocr_line' id='line_1_32' title="bbox 241 3174 1118 3243; baseline 0.002 -17"><span class='ocrx_word' id='word_1_258' title='bbox 241 3175 261 3243; x_wconf 87' lang='lat'><strong>¹)</strong></span> <span class='ocrx_word' id='word_1_259' title='bbox 278 3177 381 3238; x_wconf 70' lang='lat' dir='ltr'><strong>lere=</strong></span> <span class='ocrx_word' id='word_1_260' title='bbox 394 3177 425 3228; x_wconf 89' lang='lat' dir='ltr'><strong>L.</strong></span> <span class='ocrx_word' id='word_1_261' title='bbox 447 3180 457 3226; x_wconf 90' lang='lat' dir='ltr'><strong>l</strong></span> <span class='ocrx_word' id='word_1_262' title='bbox 477 3193 518 3242; x_wconf 79' lang='lat' dir='ltr'><strong>pr.</strong></span> <span class='ocrx_word' id='word_1_263' title='bbox 535 3179 569 3227; x_wconf 89' lang='lat' dir='ltr'><strong>D.</strong></span> <span class='ocrx_word' id='word_1_264' title='bbox 588 3179 621 3228; x_wconf 83' lang='lat' dir='ltr'><strong>de</strong></span> <span class='ocrx_word' id='word_1_265' title='bbox 637 3192 703 3228; x_wconf 84' lang='lat' dir='ltr'><strong>sero.</strong></span> <span class='ocrx_word' id='word_1_266' title='bbox 718 3193 762 3242; x_wconf 85' lang='lat' dir='ltr'><strong>pr.</strong></span> <span class='ocrx_word' id='word_1_267' title='bbox 779 3185 842 3228; x_wconf 75' lang='lat' dir='ltr'><strong>mest.</strong></span> <span class='ocrx_word' id='word_1_268' title='bbox 862 3177 896 3242; x_wconf 83' lang='lat'><strong>(8,</strong></span> <span class='ocrx_word' id='word_1_269' title='bbox 909 3174 935 3242; x_wconf 83' lang='lat'><strong>3)</strong></span> <span class='ocrx_word' id='word_1_270' title='bbox 954 3194 990 3229; x_wconf 73' lang='lat' dir='ltr'><strong>ex</strong></span> <span class='ocrx_word' id='word_1_271' title='bbox 1008 3179 1062 3242; x_wconf 81' lang='lat' dir='ltr'><strong>Uip.</strong></span> <span class='ocrx_word' id='word_1_272' title='bbox 1077 3181 1118 3232; x_wconf 82' lang='lat' dir='ltr'><strong>tn</strong></span> 
     </span>
     <span class='ocr_line' id='line_1_33' title="bbox 172 3241 1117 3308; baseline -0.002 -12"><span class='ocrx_word' id='word_1_273' title='bbox 172 3249 232 3296; x_wconf 83' lang='lat' dir='ltr'><strong>inst.</strong></span> <span class='ocrx_word' id='word_1_274' title='bbox 294 3243 315 3307; x_wconf 84' lang='lat'><strong>²)</strong></span> <span class='ocrx_word' id='word_1_275' title='bbox 328 3246 409 3294; x_wconf 82' lang='lat' dir='ltr'><strong>malim</strong></span> <span class='ocrx_word' id='word_1_276' title='bbox 420 3244 491 3294; x_wconf 88' lang='lat' dir='ltr'><strong>inter</strong></span> <span class='ocrx_word' id='word_1_277' title='bbox 550 3241 571 3308; x_wconf 79' lang='lat'><strong>⁸)</strong></span> <span class='ocrx_word' id='word_1_278' title='bbox 584 3245 623 3306; x_wconf 59' lang='grc' dir='ltr'><strong>ἐξ.</strong></span> <span class='ocrx_word' id='word_1_279' title='bbox 635 3247 659 3293; x_wconf 78' lang='lat'><strong>2.</strong></span> <span class='ocrx_word' id='word_1_280' title='bbox 672 3245 785 3298; x_wconf 80' lang='lat' dir='ltr'><strong>3.=L.</strong></span> <span class='ocrx_word' id='word_1_281' title='bbox 799 3246 821 3293; x_wconf 91' lang='lat'><strong>1.</strong></span> <span class='ocrx_word' id='word_1_282' title='bbox 835 3245 859 3304; x_wconf 68' lang='grc' dir='ltr'><strong>ξ.</strong></span> <span class='ocrx_word' id='word_1_283' title='bbox 874 3247 896 3294; x_wconf 93' lang='grc'><strong>1.</strong></span> <span class='ocrx_word' id='word_1_284' title='bbox 910 3247 967 3297; x_wconf 89' lang='lat' dir='ltr'><strong>eod.</strong></span> <span class='ocrx_word' id='word_1_285' title='bbox 982 3246 1013 3295; x_wconf 78' lang='lat' dir='ltr'><strong>t.</strong></span> <span class='ocrx_word' id='word_1_286' title='bbox 1029 3248 1051 3297; x_wconf 91' lang='lat'><strong>1.</strong></span> <span class='ocrx_word' id='word_1_287' title='bbox 1063 3246 1084 3306; x_wconf 65' lang='grc' dir='ltr'><strong>ξ.</strong></span> <span class='ocrx_word' id='word_1_288' title='bbox 1096 3247 1117 3300; x_wconf 91' lang='grc'><strong>1,</strong></span> 
     </span>
     <span class='ocr_line' id='line_1_34' title="bbox 173 3309 1117 3375; baseline 0 -13"><span class='ocrx_word' id='word_1_289' title='bbox 173 3315 206 3366; x_wconf 87' lang='lat' dir='ltr'><strong>D.</strong></span> <span class='ocrx_word' id='word_1_290' title='bbox 224 3314 256 3362; x_wconf 88' lang='lat' dir='ltr'><strong>de</strong></span> <span class='ocrx_word' id='word_1_291' title='bbox 274 3327 339 3362; x_wconf 85' lang='lat' dir='ltr'><strong>sero.</strong></span> <span class='ocrx_word' id='word_1_292' title='bbox 357 3328 399 3375; x_wconf 82' lang='lat' dir='ltr'><strong>pr.</strong></span> <span class='ocrx_word' id='word_1_293' title='bbox 416 3311 471 3360; x_wconf 84' lang='lat' dir='ltr'><strong>orb.</strong></span> <span class='ocrx_word' id='word_1_294' title='bbox 492 3311 527 3374; x_wconf 83' lang='lat'><strong>(8,</strong></span> <span class='ocrx_word' id='word_1_295' title='bbox 556 3309 619 3375; x_wconf 78' lang='lat' dir='ltr'><strong>)eoe</strong></span> <span class='ocrx_word' id='word_1_296' title='bbox 639 3311 696 3375; x_wconf 78' lang='lat' dir='ltr'><strong>Uip.</strong></span> <span class='ocrx_word' id='word_1_297' title='bbox 714 3315 730 3360; x_wconf 91' lang='lat' dir='ltr'><strong>l.</strong></span> <span class='ocrx_word' id='word_1_298' title='bbox 748 3313 763 3360; x_wconf 80' lang='lat'>2</span> <span class='ocrx_word' id='word_1_299' title='bbox 781 3313 840 3361; x_wconf 83' lang='lat' dir='ltr'><strong>inst.</strong></span> <span class='ocrx_word' id='word_1_300' title='bbox 912 3309 934 3372; x_wconf 85' lang='lat'><strong>⁴)</strong></span> <span class='ocrx_word' id='word_1_301' title='bbox 953 3312 999 3360; x_wconf 76' lang='lat' dir='ltr'><strong>Ex</strong></span> <span class='ocrx_word' id='word_1_302' title='bbox 1018 3313 1117 3375; x_wconf 81' lang='lat' dir='ltr'><strong>Tlreoplt.</strong></span> 
     </span>
     <span class='ocr_line' id='line_1_35' title="bbox 174 3377 1117 3441; baseline -0.002 -11"><span class='ocrx_word' id='word_1_303' title='bbox 174 3387 200 3430; x_wconf 86' lang='lat' dir='ltr'><strong>et</strong></span> <span class='ocrx_word' id='word_1_304' title='bbox 221 3380 279 3441; x_wconf 68' lang='lat' dir='ltr'><strong>Dia.</strong></span> <span class='ocrx_word' id='word_1_305' title='bbox 304 3379 435 3428; x_wconf 81' lang='lat' dir='ltr'><strong>servitute</strong></span> <span class='ocrx_word' id='word_1_306' title='bbox 458 3380 499 3429; x_wconf 85' lang='lat' dir='ltr'><strong>ed.</strong></span> <span class='ocrx_word' id='word_1_307' title='bbox 517 3377 590 3428; x_wconf 75' lang='lat' dir='ltr'><strong>Scir.</strong></span> <span class='ocrx_word' id='word_1_308' title='bbox 613 3380 760 3428; x_wconf 83' lang='lat' dir='ltr'><strong>servitutes</strong></span> <span class='ocrx_word' id='word_1_309' title='bbox 783 3379 824 3428; x_wconf 86' lang='lat' dir='ltr'><strong>ed.</strong></span> <span class='ocrx_word' id='word_1_310' title='bbox 847 3377 898 3429; x_wconf 87' lang='lat' dir='ltr'><strong>Kr.</strong></span> <span class='ocrx_word' id='word_1_311' title='bbox 916 3393 952 3428; x_wconf 74' lang='lat' dir='ltr'><strong>cre</strong></span> <span class='ocrx_word' id='word_1_312' title='bbox 975 3379 1031 3428; x_wconf 83' lang='lat' dir='ltr'><strong>eliis</strong></span> <span class='ocrx_word' id='word_1_313' title='bbox 1052 3381 1117 3429; x_wconf 87' lang='lat' dir='ltr'><strong>codd.</strong></span> 
     </span>
     <span class='ocr_line' id='line_1_36' title="bbox 174 3444 1093 3510; baseline -0.002 -14"><span class='ocrx_word' id='word_1_314' title='bbox 174 3447 297 3496; x_wconf 84' lang='lat' dir='ltr'><strong>Fortasse</strong></span> <span class='ocrx_word' id='word_1_315' title='bbox 314 3446 448 3505; x_wconf 67' lang='lat' dir='ltr'><strong>acciendum</strong></span> <span class='ocrx_word' id='word_1_316' title='bbox 466 3447 586 3510; x_wconf 79' lang='lat' dir='ltr'><strong>quosdam</strong></span> <span class='ocrx_word' id='word_1_317' title='bbox 602 3447 675 3496; x_wconf 86' lang='lat' dir='ltr'><strong>codd.</strong></span> <span class='ocrx_word' id='word_1_318' title='bbox 695 3449 758 3508; x_wconf 55' lang='lat' dir='ltr'><strong>teo:</strong></span> <span class='ocrx_word' id='word_1_319' title='bbox 777 3444 848 3494; x_wconf 85' lang='lat' dir='ltr'><strong>inter</strong></span> <span class='ocrx_word' id='word_1_320' title='bbox 865 3460 887 3493; x_wconf 88' lang='lat' dir='ltr'><strong>r.</strong></span> <span class='ocrx_word' id='word_1_321' title='bbox 904 3460 930 3508; x_wconf 86' lang='lat' dir='ltr'><strong>p.</strong></span> <span class='ocrx_word' id='word_1_322' title='bbox 948 3445 1093 3496; x_wconf 80' lang='lat' dir='ltr'><strong>servitutes.</strong></span> 
     </span>
    </p>
   </div>
   <div class='ocr_carea' id='block_1_6' title="bbox 0 0 1250 3896">
    <p class='ocr_par' dir='ltr' id='par_1_10' title="bbox 0 0 1250 3896">
     <span class='ocr_line' id='line_1_37' title="bbox 0 0 1250 3896; baseline 0 0"><span class='ocrx_word' id='word_1_323' title='bbox 0 0 1250 3896; x_wconf 95' lang='lat' dir='ltr'><strong> </strong></span> 
     </span>
    </p>
   </div>
  </div>
 </body>
</html>
