2492 3896
128 170 171 236 84
462 186 498 222 ns
516 186 631 222 nnnsrrs
647 173 687 235 Il,
705 175 745 224 20.

129 328 220 384 eadem
241 344 285 383 res
304 325 408 383 duobus
429 326 517 400 legata
536 328 571 382 sit
591 329 645 383 sive
663 328 827 383 coniunctim
847 328 903 382 sive
917 326 1081 396 disiunctim‚

129 413 152 466 si
168 410 243 466 amho
257 411 413 484 perveniant
428 410 459 465 ad
471 410 599 484 legatum,
614 411 746 467 scinditur
759 413 831 467 inter
845 427 892 466 eos
908 410 1041 484 legatum:
1058 410 1082 464 si

130 495 198 550 alter
212 493 327 564 deficiat,
342 496 404 567 quia
418 502 465 549 aut
478 496 609 567 spreverit
624 495 741 568 legatum
756 501 803 550 aut
816 495 875 549 vivo
892 502 1021 550 testatore
1035 491 1082 548 de·

129 578 240 634 cesserit
255 587 300 634 ant
320 579 371 633 alio
393 576 514 650 quolibet
535 578 615 633 modo
638 577 776 650 defecerit,
797 586 886 634 totum
908 576 941 632 ad
962 576 1081 650 collega·

129 661 224 716 tarium
237 661 365 735 pertinet.
395 662 558 717 coniunctim
569 669 656 717 autem
669 661 785 736 legatur,
801 661 884 717 veluti
898 662 921 716 si
936 662 996 733 quis
1011 660 1083 716 dicat

128 759 215 800 nmio
235 761 276 800 nn
296 761 367 802 simo
386 759 532 801 nomnen
552 761 688 802 erronum
702 761 744 801 no
759 759 856 802 niceo:
879 745 1031 800 disiunctim
1045 744 1084 799 ita

128 843 216 884 nrvro
228 844 372 885 nomrnsu
386 843 523 887 erronum
537 843 579 885 no
594 843 688 896 enen,
704 844 772 885 snvo
785 844 921 886 smonum
930 843 973 884 no
987 842 1081 886 nnec.

129 910 176 966 sed
192 920 220 966 et
239 913 263 966 si
278 914 442 986 expresserit
454 927 582 969 nounmr
596 927 739 969 nomnen
753 927 904 982 smenon,
927 927 1013 984 aeque
1027 910 1082 966 dis·

96 994 239 1051 9iunctim
259 994 377 1069 legatum
398 995 574 1068 intellegitur.
618 994 646 1050 Si
668 996 710 1050 cui
732 994 831 1050 fundus
853 995 955 1051 alienus
977 994 1083 1068 legatus

130 1077 211 1134 fuerit
225 1088 253 1134 et
267 1080 361 1134 emerit
375 1080 567 1151 proprietatem
578 1076 699 1134 detracto
712 1077 854 1136 usufructu
868 1087 895 1133 et
910 1078 1083 1134 ususfructus

130 1161 162 1216 ad
184 1177 245 1217 enm
264 1162 414 1234 pervenerit
434 1169 461 1216 et
479 1169 575 1235 postea
595 1177 627 1218 ex
647 1170 808 1218 testamento
829 1171 906 1236 agat,
924 1170 999 1218 recte
1020 1176 1082 1217 eum

129 1260 210 1319 agere
225 1254 252 1300 et
273 1245 385 1300 fundum
399 1253 493 1318 petere
507 1245 623 1301 lulianus
637 1246 686 1316 ait,
706 1247 767 1318 quia
788 1245 958 1302 ususfructus
972 1247 999 1301 in
1012 1246 1084 1318 peti·

131 1329 205 1384 tione
219 1329 356 1384 servitutis
372 1328 460 1384 locum
476 1330 595 1402 optinet;
610 1329 657 1384 sed
673 1327 762 1386 officio
778 1329 873 1385 iudicis
888 1330 1035 1400 contineri,
1052 1336 1084 1384 ut

83 1417 115 1466 1o
135 1411 250 1468 deducto
265 1413 407 1468 usufructu
421 1411 511 1468 inheat
525 1414 735 1468 aestimationem
750 1415 890 1486 praestari.
921 1411 973 1467 Sed
987 1413 1011 1467 si
1024 1427 1082 1467 rem

130 1495 252 1569 legatarii
267 1498 326 1568 quis
342 1498 367 1552 ei
381 1496 522 1570 legaverit,
537 1497 632 1552 inutile
646 1496 764 1570 legatum
780 1506 837 1567 est,
853 1497 914 1569 quia
929 1495 1001 1568 quod
1016 1512 1083 1568 pro·

130 1581 216 1653 prium
233 1587 275 1634 est
289 1581 383 1653 ipsios,
400 1578 513 1651 amplius
528 1580 585 1635 eius
601 1578 658 1635 fieri
673 1596 727 1635 non
742 1586 847 1654 potest:
863 1587 891 1634 et
904 1578 969 1635 licet
982 1579 1083 1635 aliena·

82 1667 112 1715 11
131 1664 199 1718 verit
213 1679 286 1735 eam,
306 1679 361 1718 non
376 1661 489 1718 debetur
503 1678 552 1718 nec
571 1664 628 1735 lpsa
649 1678 700 1720 nec
714 1663 865 1719 aestimatio
880 1665 947 1718 eius.
977 1662 1005 1718 si
1020 1663 1084 1734 quis

131 1761 189 1800 rem
208 1762 281 1800 suam
301 1747 376 1818 quasi
396 1744 508 1801 alienam
530 1744 674 1818 legaverit,
696 1747 766 1802 valet
785 1747 917 1820 legatum:
939 1762 1000 1801 nam
1019 1745 1083 1818 plus

131 1827 217 1900 valet,
233 1827 305 1901 quod
319 1830 346 1884 in
362 1830 474 1884 veritate
489 1836 546 1899 est,
567 1844 646 1901 quam
660 1829 732 1902 quod
747 1831 774 1885 in
790 1830 926 1903 opinione.
955 1829 1002 1885 sed
1017 1837 1046 1884 et
1060 1831 1085 1885 si

131 1911 252 1985 legatarii
267 1913 380 1985 putavit,
395 1911 484 1966 valere
498 1921 618 1984 constat,
634 1916 695 1985 quia
711 1915 809 1969 exitum
824 1913 948 1968 voluntas
963 1912 1085 1969 defuncti

83 2001 114 2049 12
132 2003 222 2067 potest
242 1994 347 2051 habere.
377 1995 404 2050 st
419 2011 475 2050 rern
491 2011 564 2051 suam
585 1994 714 2069 legaverit
734 2004 848 2052 testator
862 2005 1009 2069 posteaque
1024 2013 1085 2052 eam

131 2077 300 2150 alienaverit,
322 2078 415 2135 Celsus
430 2079 577 2148 existimat,
597 2081 620 2134 si
635 2096 690 2135 non
706 2079 837 2135 adimendi
852 2081 939 2135 animo
954 2079 1084 2150 vendidit,

130 2162 214 2218 nihilo
234 2164 321 2217 minus
341 2161 447 2226 deberi,
466 2162 546 2235 idque
565 2162 617 2218 divi
632 2162 746 2219 Severus
766 2172 794 2220 et
814 2164 965 2218 Antoninus
985 2164 1084 2219 rescri-

130 2255 251 2318 pserunt.
280 2245 360 2302 iidem
375 2239 596 2320 rescripserunt,¹
611 2243 682 2316 eum,
699 2249 744 2320 qui
760 2254 823 2319 post
838 2253 1027 2302 testamentum
1044 2246 1086 2302 fa·

130 2336 203 2383 ctum
219 2328 334 2401 praedia,
347 2346 415 2401 quae
429 2329 517 2402 legata
533 2337 625 2399 erant,
640 2331 746 2402 pignori
761 2330 849 2400 dedit,
866 2329 995 2386 ademisse
1010 2329 1085 2404 lege·

132 2418 189 2465 tum
204 2428 258 2466 non
273 2411 354 2467 videri
369 2421 396 2466 et
411 2412 472 2468 ideo
487 2413 643 2484 legatarium
658 2429 718 2468 cum
735 2413 833 2469 herede
848 2429 929 2484 agere
943 2429 1035 2486 posse,
1052 2422 1085 2470 ut

130 2493 236 2567 praedia
256 2511 270 2549 a
290 2494 423 2550 creditore
445 2494 564 2552 luantur.
600 2499 623 2550 si
642 2512 706 2552 vero
722 2497 782 2568 quis
801 2505 905 2570 partem
925 2499 965 2552 rei
979 2497 1086 2569 legatae

131 2578 295 2649 alienaverit,
307 2595 379 2652 pars,
392 2595 460 2652 quae
475 2578 709 2651 nonestalienata,
722 2579 874 2635 omnimodo
885 2578 1008 2649 debetur,
1020 2597 1086 2653 pars

131 2670 221 2718 autem
236 2661 347 2717 alienata
361 2664 397 2718 ita
412 2661 540 2732 debetur,
556 2664 577 2718 si
592 2679 647 2718 non
662 2661 792 2718 adimendi
808 2663 894 2719 animo
910 2663 1021 2719 alienata
1036 2663 1086 2721 sit.

82 2753 113 2802 13
131 2746 233 2819 Siquis
249 2745 362 2801 debitori
382 2763 433 2802 suo
453 2745 635 2802 liberationem
650 2746 793 2820 legaverit,
813 2747 934 2820 legatum
955 2745 1020 2802 utile
1041 2756 1088 2804 est

132 2839 160 2886 et
178 2846 265 2903 neque
287 2829 318 2886 ab
339 2831 399 2904 ipso
414 2828 535 2885 debitore
555 2845 642 2902 neque
664 2830 696 2884 ah
711 2830 810 2886 herede
824 2832 882 2886 eius
898 2838 990 2903 potest
1004 2830 1087 2886 heres

131 2923 224 2988 petere
239 2931 288 2970 nec
304 2913 336 2970 ab
350 2914 419 2987 alio,
439 2915 485 2986 qui
500 2913 606 2968 heredis
621 2913 681 2970 loco
695 2922 751 2968 est:
770 2913 817 2969 sed
833 2922 859 2970 et
873 2922 964 2986 polest
979 2931 994 2969 a
1009 2912 1088 2969 debi-

134 3006 192 3053 tore
208 2999 359 3067 conveniri,
375 3005 406 3053 ut
421 2996 515 3052 liberet
530 3013 598 3052 eum.
629 3004 719 3069 potest
734 3005 821 3052 autem
838 2999 897 3071 quis
912 2996 954 3052 vel
969 2997 1001 3052 ad
1016 3006 1087 3053 tem·

83 3089 114 3137 14
132 3098 184 3154 pus
198 3080 308 3152 iubere,
329 3096 363 3135 ne
384 3081 462 3136 heres
485 3088 567 3153 petat.
597 3079 632 3134 Ex
650 3083 783 3136 contrario
799 3083 821 3136 si
836 3079 942 3136 debitor
957 3081 1088 3137 creditori

132 3181 181 3220 suo
198 3163 270 3236 quod
286 3162 375 3231 debet,
390 3163 530 3239 legaverit,
546 3161 639 3219 inutile
652 3173 692 3218 est
703 3164 832 3237 legatum,
848 3166 871 3220 si
885 3165 951 3220 nihil
965 3165 1026 3237 plus
1042 3175 1089 3222 est

133 3251 158 3302 in
174 3248 263 3320 legato
277 3263 356 3321 quam
368 3246 507 3320 indebito,
523 3249 585 3321 quia
600 3247 664 3303 nihil
676 3248 788 3322 amplius
800 3247 880 3330 habet
890 3265 940 3321 per
954 3249 1087 3323 legatum.

201 3424 220 3490 ¹)
240 3428 271 3476 L.
291 3429 315 3478 3.
333 3426 360 3476 0.
378 3427 410 3477 de
428 3430 503 3492 legat.
521 3426 560 3492 (6,
578 3427 630 3491 87).
