2492 3896
144 179 204 243 106
269 197 304 230 ns
322 194 457 230 unorum
473 193 656 231 unanuuoomt
674 193 858 230 succasmoun
876 178 927 242 111,
946 179 971 232 2.

143 353 198 409 quo
213 337 293 394 modo
309 336 499 410 amplectatur:
522 345 586 391 tunc
606 351 638 391 ex
658 335 720 408 lege
741 335 880 390 duodecim
897 330 1045 388 tabularum
1068 331 1103 386 ad

111 428 124 475 1
143 421 288 494 adgnatum
303 421 455 494 proximum
470 419 605 476 hereditas
620 421 748 492 pertinet.
791 417 861 473 Sunt
876 426 964 472 autem
979 416 1102 489 adgnati,

144 513 174 559 ut
190 507 276 577 primo
298 520 406 576 quoque
427 496 515 559 libro¹
533 503 704 573 tradidimus,
729 502 837 574 cognati
858 517 906 574 per
922 499 1003 556 virilis
1019 515 1103 555 sexus

144 603 274 660 personas
296 589 458 661 cognatione
480 589 582 656 iuncti,
605 588 681 659 quasi
703 603 716 640 a
740 594 815 659 patre
837 584 954 656 cognati.
990 577 1103 657 ²itaque

145 669 239 725 eodem
254 679 331 743 patre
347 672 400 726 nati
415 671 512 727 iratres
526 671 633 744 adgnati
645 669 696 724 sibi
712 679 786 740 sunt,
803 669 847 742 qui
864 677 891 724 et
906 668 1103 741 consanguinei

144 762 289 825 vocantur,
305 772 355 811 nec
369 757 532 828 requiritur,
554 773 586 810 an
602 755 681 809 etiam
697 753 806 809 eandem
822 761 932 808 matrem
948 751 1101 807 habuerint.

144 839 209 893 item
220 848 332 911 patruus
343 839 434 894 fratris
447 837 502 894 lilio
514 847 542 894 et
556 840 667 893 invicem
683 839 705 892 is
719 837 757 892 illi
773 837 904 909 adgnatos
920 842 971 890 est.
1001 835 1099 890 eodem

145 938 257 978 numero
273 934 337 979 sunt
360 922 456 978 iratres
472 921 624 995 patrueles,
644 922 670 976 id
686 931 727 976 est
743 921 788 993 qui
804 936 835 974 er
851 918 956 974 duobus
971 917 1103 974 iratribus

145 1007 278 1078 procreati
299 1016 376 1080 sunt,
401 1008 445 1079 qui
466 1006 544 1060 etiam
567 1003 720 1061 consobrini
740 1012 880 1060 vocantur.
924 1019 976 1076 qua
997 1003 1105 1058 ratione

145 1091 224 1144 etiam
245 1089 277 1145 ad
298 1089 389 1162 plures
410 1089 509 1163 gradus
532 1089 700 1162 adgnationis
720 1089 859 1160 pervenire
879 1087 1036 1160 poterimus.
1074 1087 1104 1141 hi

145 1186 271 1247 quoque,
287 1175 332 1245 qui
347 1183 410 1246 post
425 1181 537 1228 mortem
555 1173 637 1244 patris
653 1181 813 1241 nascuntur,
829 1172 1020 1226 nanciscuntur
1036 1185 1104 1226 con·

146 1257 336 1329 sanguinitatis
352 1259 418 1316 iura.
454 1273 509 1312 non
525 1265 612 1311 tamen
628 1255 751 1310 omnibus
766 1254 845 1309 simul
860 1255 982 1327 adgnatis
997 1253 1104 1310 datlen

145 1339 337 1411 hereditatem,
352 1340 398 1395 sed
416 1340 474 1414 his,
490 1344 535 1414 qul
552 1348 616 1395 tunc
631 1341 753 1411 proximo
771 1337 856 1411 gradu
871 1346 948 1405 sunt,
969 1354 1028 1393 cum
1043 1353 1106 1393 cer·

112 1428 205 1479 ntum
220 1439 279 1479 esse
300 1424 436 1498 coeperit,
458 1424 573 1496 aliquem
595 1425 750 1478 intestatum
771 1421 929 1478 decessisse.
972 1421 1022 1476 Per
1036 1421 1104 1478 ado·

146 1509 265 1580 ptionem
278 1524 387 1580 quoque
401 1508 571 1581 adgnationis
583 1509 625 1562 ius
636 1507 769 1575 consistit,
785 1505 868 1560 veluti
882 1506 954 1560 inter
970 1503 1038 1562 lilios
1053 1522 1104 1560 na-

146 1591 246 1646 turales
267 1600 294 1646 et
309 1608 366 1661 eos,
388 1609 456 1664 quos
478 1599 556 1665 pater
574 1606 668 1646 eorum
689 1589 824 1662 adoptavit
840 1584 902 1662 (neo
916 1588 1024 1644 dubium
1048 1598 1104 1660 est,

146 1677 211 1747 quin
227 1677 335 1748 proprie
351 1676 543 1748 consanguinei
556 1669 750 1748 appollonium:
765 1675 830 1728 item
846 1674 868 1727 si
883 1674 943 1744 quis
958 1689 990 1727 ex
1004 1675 1105 1729 ceteris

146 1757 270 1831 adgnatis
285 1760 348 1828 tuis,
364 1758 446 1813 veluti
463 1758 546 1813 irater
560 1767 607 1813 aut
621 1765 733 1830 patruus
746 1767 792 1812 aut
803 1757 917 1830 denique
932 1757 965 1821 is,
981 1757 1027 1827 qui
1042 1756 1106 1812 lon·

147 1842 224 1914 glore
239 1840 324 1913 gradu
340 1850 391 1912 est,
406 1842 521 1914 aliquem
537 1840 716 1913 adoptaverit,
733 1841 858 1914 adgnatio
873 1843 945 1896 inter
960 1833 1026 1895 vos³
1040 1856 1106 1897 esse

113 1931 202 1979 3vnon
218 1923 363 1980 dubitatur.
407 1924 530 1980 Ceterum
553 1926 623 1980 inter
644 1923 779 1981 masculos
800 1924 907 1997 quidem
930 1924 1106 1998 adgnationis

146 2009 205 2063 inre
220 2008 352 2064 hereditas
373 2011 452 2064 etiam
474 2008 633 2082 longissimo
653 2007 738 2081 gradu
760 2007 832 2064 ultro
848 2012 971 2080 citroque
986 2009 1104 2081 capitur.

147 2091 220 2165 quod
240 2092 272 2146 ad
296 2092 406 2148 seminas
427 2109 491 2148 vero
512 2094 548 2147 ita
569 2091 704 2164 placebat,
728 2101 757 2146 ut
771 2093 845 2165 ipsae
860 2093 1106 2164 consanguinitatis

146 2177 205 2231 iure
221 2183 324 2231 tantum
339 2178 444 2249 capiant
460 2175 648 2246 hereditatem,
665 2175 688 2229 si
703 2191 811 2231 sorores
827 2177 896 2244 sint,
917 2174 1031 2230 ulterius
1046 2193 1107 2232 nou

147 2261 268 2332 capiant:
284 2261 395 2316 masculi
406 2277 469 2315 vero
481 2260 513 2314 ad
523 2276 613 2315 earum
629 2259 803 2328 hereditates,
818 2262 896 2314 etiam
908 2261 931 2312 si
943 2259 1106 2330 longissimo

147 2342 231 2414 gradu
251 2345 319 2413 sint,
339 2344 522 2399 admittantur.
560 2359 611 2417 qua
633 2343 666 2398 de
685 2359 763 2398 causa
784 2342 872 2397 fratris
892 2343 932 2396 tui
952 2352 999 2397 aut
1013 2347 1107 2414 patrui

147 2427 186 2480 tui
202 2425 271 2481 filiae
287 2426 328 2482 vel
343 2428 437 2481 amitae
453 2436 515 2481 tuae
530 2427 661 2483 hereditas
677 2425 710 2480 ad
726 2435 753 2482 te
767 2418 955 2498 pertinebat,⁴
976 2434 1021 2481 tua
1037 2443 1106 2484 vero

147 2507 179 2564 ad
195 2508 253 2564 illas
268 2525 322 2564 non
343 2509 503 2582 pertinebat.
535 2509 607 2582 quod
627 2509 688 2564 ideo
703 2511 738 2564 ita
754 2511 931 2564 constitutum
948 2518 1018 2579 erat,
1040 2512 1107 2582 quia

146 2592 313 2649 commodius
334 2592 488 2662 videbatur,
508 2594 542 2647 ita
564 2595 620 2648 iura
642 2593 761 2663 constiti,
778 2601 807 2649 ut
821 2593 982 2666 plerumque
997 2593 1107 2650 beredi-

147 2685 216 2732 tates
231 2675 263 2730 ad
279 2677 413 2733 masculos
429 2675 607 2733 continerent.
636 2676 683 2731 sed
699 2678 760 2749 quia
776 2693 840 2732 sane
854 2677 975 2748 iniquum
990 2686 1058 2747 erat,
1075 2680 1110 2735 in

146 2762 298 2816 universum
314 2777 360 2816 eas
375 2762 450 2832 quasi
465 2768 603 2814 extraneas
619 2759 723 2833 repelli,
738 2769 847 2832 praetor
862 2776 906 2815 eas
922 2759 953 2814 ad
969 2759 1111 2820 bonorum

146 2845 346 2918 possessionem
366 2836 541 2899 admittebat⁶
562 2859 592 2898 ea
612 2853 705 2916 parte,
728 2859 779 2915 qua
800 2845 978 2918 proximitatis
993 2846 1112 2903 nomine

214 3106 277 3170 Μ’.
296 3110 320 3157 1
339 3108 364 3158 I.
384 3108 501 3184 delegit.
521 3123 578 3173 agn.
598 3105 723 3184 tut„u(,i
718 3106 768 3166 15).
838 3103 930 3169 ²)sere
947 3126 980 3147 =
1000 3106 1055 3156 dat.
1078 3111 1108 3172 3,

148 3177 246 3225 10.11.
316 3171 336 3238 ³)
356 3167 519 3235 ddpvarrdv
536 3165 644 3238 μεταξυ
661 3167 741 3238 ημῶν
757 3173 866 3236 Theoph.
884 3173 1019 3236 adgnatus
1038 3179 1109 3226 tuus

151 3243 201 3290 W·
218 3242 351 3306 adgnatos
374 3241 519 3306 (adgnatos
537 3238 574 3303 B)
598 3242 669 3290 inter
686 3255 750 3291 suos
768 3238 888 3290 Bauli
907 3243 964 3293 edd.
982 3240 1056 3290 Schr.
1079 3250 1109 3292 et

145 3309 196 3358 Kr.
276 3306 298 3372 ⁴)
317 3307 342 3355 B
359 3324 413 3358 cum
433 3308 543 3372 Theoplu.
562 3309 680 3372 pertinet
701 3308 723 3356 Τ
742 3309 801 3357 edd.
824 3307 897 3362 Soter.
915 3316 941 3357 ct
958 3307 1007 3362 Kr.
1081 3308 1108 3374 ⁵)

146 3375 171 3424 B
189 3393 242 3491 qum
263 3376 373 3439 Theoph.
391 3375 511 3424 admittit
530 3374 593 3425 Tot
614 3378 728 3440 plerique
751 3376 824 3425 codd.
847 3373 923 3438 inser.
947 3376 1006 3426 edd.
1025 3373 1106 3432 Scltr.

147 3450 171 3491 et
216 3459 238 3493 r.
