2492 3896
379 214 414 250 nu
434 213 566 252 uubanus
583 215 764 251 counarsonle
781 202 831 262 111,
850 204 872 253 6.
1042 199 1101 262 113

145 353 181 408 ad
198 361 303 408 sextum
318 352 432 426 gradum
447 355 613 426 cognationis
630 363 709 426 sunt,
732 364 759 411 et
779 370 812 409 ex
830 356 944 429 septimo
961 372 976 410 a
990 353 1100 411 sobrino

137 435 313 510 sobrinaeque
328 445 393 492 nato
410 446 529 493 nataeve.

571 615 627 656 u1u.
641 615 680 656 Ἡ.

361 715 410 765 ΒΕ
429 715 610 767 GRADIBUS
630 715 885 770 COGNATIONIS.

213 853 271 910 Hoc
281 853 343 910 loco
355 854 535 909 necessarium
547 863 588 910 est
599 872 749 928 exponere,
764 855 987 928 quemadmodum
1002 856 1100 929 gradus
1113 868 1152 909 1²1.

144 937 321 1013 cognationis
336 945 520 994 numerentur.
550 955 601 1010 qua
617 941 644 994 in
657 956 686 994 rc
697 941 817 1012 inprimis
828 939 985 995 admonendi
998 957 1101 1011 sumus,

144 1022 339 1096 cognationem
352 1021 429 1076 aliam
440 1037 522 1094 supra
536 1024 681 1092 numerari,
697 1022 773 1078 aliam
785 1023 864 1093 inira,
880 1023 955 1078 aliam
967 1039 999 1077 ex
1015 1031 1101 1078 traus-

146 1122 244 1176 verso‚
269 1120 336 1178 quae
358 1106 439 1160 etiam
460 1097 508 1160 ex¹
532 1105 617 1162 latere
639 1107 745 1163 dicitur.
782 1108 905 1180 superior
920 1108 1045 1179 coguatio
1061 1114 1102 1161 est

145 1189 312 1265 parentium,
326 1188 438 1243 inierior
449 1187 605 1260 liberorum,
618 1206 649 1245 ex
662 1200 814 1247 transverso
822 1191 934 1246 iratrum
944 1206 1101 1246 sororumve

145 1288 318 1345 corumque,
339 1273 385 1343 qui
405 1287 435 1326 ex
451 1271 493 1326 his
508 1283 735 1345 progenerantur,
758 1283 785 1330 et
800 1275 989 1330 convenienter
1003 1277 1101 1347 patrui,

145 1358 263 1426 amitae,
281 1354 420 1426 avunculi,
436 1364 602 1412 materterae.
640 1365 667 1412 et
687 1359 811 1430 superior
826 1357 932 1430 quidem
949 1366 976 1413 et
991 1358 1102 1413 inferior

145 1441 278 1514 cognatio
300 1455 315 1494 a
337 1439 422 1511 primo
445 1439 529 1511 gradu
550 1441 655 1512 incipite
683 1447 711 1496 at
732 1457 776 1510 ea,
805 1456 873 1513 quae
895 1456 927 1494 ex
948 1448 1101 1496 transverso

146 1531 317 1594 numeratur,
333 1539 348 1576 a
362 1521 489 1580 secundo.
519 1516 625 1577 2Ριίιιιο
640 1524 726 1596 gradu
741 1534 783 1580 est
797 1540 878 1596 supra
892 1531 984 1595 pater,
1005 1532 1100 1592 mater,
1120 1534 1133 1581 1

146 1605 311 1677 inirafilius,
327 1603 388 1665 iiiia.
412 1605 535 1662 Secundo
547 1623 711 1680 supraavus,
727 1609 793 1679 avia,
807 1607 875 1662 inira
893 1622 987 1679 nepos,
1002 1609 1099 1680 neptis,
1118 1617 1133 1664 2

146 1707 181 1748 ex
196 1697 349 1746 transverso
362 1689 547 1761 irater,soror.
567 1689 658 1745 Tertio
672 1708 751 1764 supra
765 1707 890 1764 proavus,
899 1690 1016 1763 proavia,
1031 1690 1100 1746 inira
1117 1701 1133 1749 3

146 1789 300 1848 pronepos,
312 1774 460 1845 proneptis,
472 1789 505 1828 ex
515 1782 666 1830 transverso
679 1774 769 1830 fratris
784 1776 939 1848 sororisque
951 1772 1032 1845 filius,
1048 1773 1101 1831 iilia

147 1868 177 1914 et
195 1858 384 1914 convenienter
398 1864 521 1929 patruus,
537 1859 624 1928 amita,
639 1859 795 1929 avunculus,
812 1867 961 1915 matertera.
990 1867 1101 1932 patruus

147 1949 195 1999 est
208 1942 291 2014 patris
306 1939 404 2012 irater,
426 1942 471 2013 qui
487 1941 583 1996 Graece
605 1933 720 2016 πάτρως
740 1951 866 1998 vocatur:
890 1943 1037 1999 avunculus
1061 1952 1102 1998 est

147 2025 245 2081 matris
261 2023 353 2094 irater,
369 2025 414 2095 qui
429 2024 499 2097 apud
515 2023 628 2081 Graecos
644 2028 753 2099 proprie
766 2018 881 2099 μήτρως
896 2026 1058 2098 appellatur:
1075 2033 1102 2080 et

147 2110 305 2183 promiscue
317 2107 397 2172 θεῖος
409 2107 515 2162 dicitur.
539 2109 619 2164 amita
632 2117 673 2164 est
684 2111 767 2181 patris
777 2125 865 2179 soror,
880 2117 1022 2165 matertera
1037 2125 1101 2164 vero

148 2192 243 2248 matris
253 2206 346 2245 soror:
363 2198 476 2263 utraque
486 2186 556 2246 θεία
567 2191 608 2247 vei
623 2192 691 2264 apud
703 2192 830 2266 quosdam
843 2187 929 2266 τηθὶς
941 2191 1101 2265 appeiiatur.

144 2275 253 2342 ¹Quarto
274 2272 359 2348 gradu
374 2290 454 2346 supra
468 2274 580 2346 abavus,
602 2275 707 2347 abavia,
728 2276 795 2331 inira
811 2276 945 2349 abnepos,
967 2275 1100 2349 abneptis,
1117 2284 1134 2333 4

149 2375 186 2415 ex
198 2366 352 2414 transverso
371 2356 461 2412 fratris
481 2360 636 2432 sororisque
651 2376 750 2433 nepos,
769 2361 857 2432 neptis
872 2368 899 2416 et
913 2362 1102 2417 convenienter

150 2450 264 2517 patruus
280 2457 400 2512 magnus,
416 2443 494 2496 amita
509 2459 603 2515 magna
619 2435 659 2520 (id
674 2451 716 2499 est
730 2446 769 2500 avi
784 2444 867 2500 irater
882 2451 910 2499 et
924 2444 1022 2515 soror),
1037 2447 1102 2500 item

151 2524 302 2582 avunculus
323 2540 448 2597 magnus,
470 2534 612 2581 matertera
632 2543 727 2600 magna
747 2521 788 2606 (id
809 2538 852 2584 est
873 2530 944 2583 aviae
969 2528 1054 2584 irater
1074 2536 1102 2583 et

151 2604 253 2683 soror),
268 2607 456 2679 consobrinus,
472 2609 629 2664 consobrina
646 2607 686 2684 (id
704 2621 745 2666 est
757 2614 802 2685 qui
815 2629 915 2686 quaeve
927 2628 958 2668 ex
973 2611 1100 2668 iratribus

153 2701 199 2748 aut
214 2691 355 2747 sororibus
374 2685 610 2771 progenerantur).
647 2694 695 2748 sed
716 2696 821 2768 quidam
836 2705 909 2751 recte
924 2694 1100 2750 consobrinos

153 2792 200 2831 eos
215 2775 324 2848 proprie
339 2783 435 2848 putant
449 2775 516 2846 dici,
536 2779 581 2849 qui
602 2793 634 2832 ex
649 2777 750 2834 duabus
765 2778 903 2834 sororibus
918 2793 1101 2850 progeneran-

153 2869 212 2930 tur,
237 2860 312 2932 quasi
336 2863 539 2915 consororinos:
560 2877 607 2915 eos
627 2878 706 2931 vero,
730 2862 775 2935 qui
796 2877 827 2915 es
848 2860 1101 2922 duobusiratribus

153 2951 383 3016 progenerantur,
403 2945 510 3015 proprie
532 2942 627 3000 iratres
646 2944 782 3018 patrueles
802 2945 890 2999 vocari
910 2935 946 3021 (si
966 2951 1053 2998 autem
1070 2960 1102 2999 ex

155 3024 258 3082 duobus
278 3024 403 3080 iratribus
424 3025 493 3081 filiae
512 3037 665 3097 nascautur,
690 3043 796 3083 sorores
817 3027 953 3100 patrueles
968 3027 1102 3100 appellan-

155 3103 231 3186 tur):
251 3118 279 3164 at
300 3125 360 3179 eos,
384 3111 430 3182 qui
453 3127 484 3165 ex
506 3110 588 3166 fratre
603 3121 630 3167 et
645 3128 739 3167 sorore
757 3120 958 3184 propagantur,
978 3113 1101 3166 amitinos

222 3319 242 3385 ¹)
262 3323 339 3378 ATv
353 3322 462 3387 Theopb
479 3339 496 3372 e
513 3323 578 3372 ΒΤι
595 3326 653 3374 edd.
672 3323 745 3372 Sebr.
764 3331 789 3373 et
806 3325 857 3374 Kr.
926 3322 1103 3388 ²)§§.1..6

156 3409 188 3430 ε·
204 3389 236 3440 L.
255 3393 277 3441 1.
295 3391 333 3451 ἐξ.
352 3393 402 3440 3..
413 3393 452 3444 ..7
472 3392 503 3440 D
518 3393 549 3440 de
564 3393 639 3455 prod.
657 3405 728 3454 cogn.
748 3390 798 3455 (38,
818 3389 859 3457 to)
878 3407 912 3441 ec
932 3392 989 3442 caat
1007 3395 1022 3442 l.
1034 3393 1051 3442 8
1069 3393 1104 3443 od

157 3459 195 3507 ed.
209 3473 283 3521 pron.
302 3465 359 3507 mut.

189 3553 337 3590 nvsrmrnur
355 3555 569 3594 mrsnurvmorvns.
938 3543 953 3592 8
