2472 3896
429 220 464 254 nx
481 218 677 256 snorrrorvnaus
695 206 717 268 I,
737 207 777 257 11.
1046 203 1085 267 17

128 367 244 434 ptamus.
279 357 398 433 Adoptio
420 368 510 417 autem
532 359 638 417 dnobus
660 359 748 417 modis
763 358 804 431 fit,
827 366 872 415 aut
887 359 1027 435 principali
1042 368 1117 416 re-1

128 445 229 518 scripto
245 451 290 500 aut
306 445 420 517 imperio
435 447 619 520 magistratus.
655 445 824 517 imperatoris
840 446 999 500 auctoritate
1022 444 1085 500 ado·

127 537 234 604 ptamus
258 544 305 584 eos
328 544 414 599 easve,
438 530 485 602 qui
506 545 609 602 quaeve
631 529 673 584 sui
694 529 759 584 iuris
781 535 854 584 sunt.
887 544 954 602 quae
978 529 1084 600 species

128 612 281 686 adoptionis
303 611 400 668 dicitur
421 612 572 686 adrogatio.
609 613 721 685 imperio
736 613 910 684 magistratus
926 611 1084 685 adoptamus

128 712 176 754 eos
198 711 285 766 easre,
307 697 354 768 qui
376 712 477 769 quaeve
492 697 519 751 in
533 703 670 770 potestate
683 697 835 768 parentium
855 704 930 766 sunt,
953 696 1008 751 sive
1030 696 1085 769 pri-

127 797 201 838 mum
221 779 336 854 gradum
357 778 504 836 liberorum
520 781 668 853 optineant,
691 779 777 852 qualis
793 787 836 834 est
856 777 926 834 iilius
942 776 1004 849 filia,
1027 780 1100 836 sire·

127 864 292 933 interiorem,
307 861 392 936 qualis
407 870 451 920 est
469 880 554 936 nepos
574 863 674 937 neptis,
688 878 825 936 pronepos
845 864 994 936 proneptis.
1031 861 1084 918 Sed
1102 871 1118 921 2

128 947 208 1004 hodie
227 964 260 1003 ex
279 955 371 1003 nostra
390 941 610 1017 constitutione,1
631 963 691 1004 cum
712 945 897 1002 filiusfamilias
912 963 926 1002 a
941 954 1018 1020 patre
1039 963 1084 1002 na·

128 1032 210 1091 turali
224 1039 366 1092 extraneae
378 1047 511 1104 personae
526 1033 553 1086 in
573 1030 746 1104 adoptionem
761 1030 850 1102 datur,
870 1031 928 1085 iura
943 1031 1085 1103 potestatis

127 1114 255 1172 naturalis
270 1116 353 1188 patris
368 1116 477 1170 mInime
491 1115 674 1172 dissolvuntur
692 1131 743 1171 nec
764 1113 911 1188 quidquam
933 1113 965 1168 ad
980 1120 1085 1187 patrem

128 1199 283 1273 adoptivum
306 1200 403 1254 transit
416 1215 469 1255 nec
488 1200 515 1254 in
530 1205 665 1272 potestate
680 1199 737 1254 eius
752 1206 805 1267 est,
827 1191 894 1257 licet
908 1196 940 1252 ab
954 1198 1084 1254 intestato

127 1285 188 1340 iura
209 1283 388 1338 successionis
412 1283 436 1336 ei
452 1296 468 1337 a
482 1281 559 1338 nobis
577 1281 675 1338 tributa
690 1290 762 1338 sunt.
796 1282 898 1337 sivero
914 1291 993 1354 pater
1007 1289 1083 1336 natu·

128 1367 193 1425 ralis
208 1381 263 1421 nou
279 1372 416 1434 extraneo,
440 1365 487 1420 sed
502 1381 551 1420 avo
567 1363 615 1420 lilii
629 1367 671 1420 sui
687 1373 818 1435 materno,
839 1363 882 1420 vel
897 1367 920 1420 sl
934 1367 993 1439 ipse
1007 1373 1085 1438 pater

128 1448 259 1506 naturalis
282 1447 363 1503 luerit
376 1449 569 1520 emancipatus,
592 1449 671 1503 etiam
685 1456 810 1521 paterno,
831 1448 874 1503 vel
889 1465 989 1521 proavo
1005 1448 1085 1504 simili

129 1532 211 1590 modo
226 1539 340 1605 paterno
354 1531 395 1586 vel
410 1539 532 1586 materno
544 1529 628 1586 lilium
643 1548 721 1588 suum
737 1530 840 1587 dederit
854 1533 882 1587 in
898 1530 1083 1604 adoptionem:

128 1618 158 1672 in
171 1617 225 1672 hoc
239 1631 301 1670 casu
318 1615 379 1687 quia
393 1616 421 1670 in
438 1631 515 1670 unam
526 1631 668 1689 personam
683 1624 850 1672 concurrunt
870 1623 897 1670 et
911 1614 1041 1672 naturalia
1057 1623 1085 1672 et

128 1701 281 1774 adoptionis
297 1700 366 1770 iura,
388 1708 478 1755 manet
493 1699 588 1755 stabile
602 1701 644 1754 ius
666 1701 750 1772 patris
770 1699 898 1772 adoptivi,
921 1707 948 1755 ct
969 1699 1083 1757 naturali

127 1783 235 1842 vinculo
257 1783 411 1855 copulatum
435 1791 462 1839 et
483 1782 605 1857 legitimo
628 1780 784 1857 adoptionis
799 1783 879 1838 modo
894 1785 1082 1855 constrictum,

126 1877 158 1926 ut
172 1877 201 1926 et
215 1868 243 1924 in
258 1868 354 1923 familia
370 1876 397 1922 et
416 1868 444 1922 in
464 1875 600 1940 potestate
621 1867 775 1924 huiusmodi
794 1868 877 1940 patris
899 1867 1016 1941 adoptivi
1039 1871 1083 1927 sit.

127 1952 193 2008 Cum
204 1959 295 2009 autem
304 1950 427 2024 impubes
437 1968 487 2024 per
497 1952 644 2025 principale
656 1953 815 2025 rescriptum
831 1951 988 2025 adrogatur,
1003 1967 1083 2008 causa
1100 1965 1116 2013 3

127 2039 237 2110 cognita
252 2033 393 2108 adrogatio
408 2037 573 2108 permittitur
589 2045 616 2091 et
632 2037 782 2110 exquiritur
797 2051 875 2092 causa
887 2035 1082 2109 adrogationis,

127 2138 161 2176 an
177 2121 292 2176 honesta
309 2121 344 2174 sit
360 2118 538 2192 expediatque
554 2119 669 2192 pupillo,
692 2128 719 2174 et
738 2135 798 2174 cum
814 2117 972 2191 quibusdam
989 2119 1082 2174 cundi·

127 2201 250 2261 cicnihns
273 2202 414 2274 adrogatio
436 2200 483 2272 iit,
506 2203 533 2257 id
554 2212 597 2258 est
618 2211 650 2258 nt
671 2210 761 2259 caveat
783 2201 928 2276 adrogatur
949 2219 1083 2276 personae

127 2285 261 2361 publicae,
284 2285 337 2342 hoc
359 2293 399 2340 est
423 2284 564 2356 tabulario,
586 2288 609 2342 si
631 2288 700 2342 intra
715 2284 885 2359 pubertatem
900 2286 1020 2360 pupillus
1035 2287 1082 2343 de-

128 2370 250 2440 cesserit,
271 2369 460 2425 restituturum
476 2385 505 2425 se
519 2368 590 2424 bona
604 2370 668 2442 illis,
691 2370 748 2443 qui,
767 2371 790 2425 si
810 2369 921 2443 adoptio
937 2370 1007 2427 lacta
1026 2387 1081 2428 non

127 2460 210 2523 esset,
235 2451 268 2508 ad
289 2455 486 2510 successionem
509 2454 566 2508 eius
588 2455 694 2510 venturi
715 2462 815 2510 essent.
854 2455 917 2510 item
940 2472 995 2511 non
1017 2455 1081 2512 alias

128 2538 297 2610 emancipare
324 2553 370 2592 eos
395 2544 487 2610 potest
514 2538 676 2611 adrogatur,
703 2539 754 2594 nisi
777 2555 855 2596 causa
877 2541 986 2613 cognita
1007 2540 1081 2614 digni

129 2621 342 2695 emancipatione
363 2620 463 2676 inerint
485 2628 513 2677 et
534 2629 599 2677 tuuc
612 2639 660 2678 sua
676 2622 744 2694 bcnp
759 2623 799 2677 eis
813 2622 917 2680 reddat.
954 2623 1002 2679 sed
1017 2625 1082 2679 etsi

128 2705 260 2762 decedens
282 2711 359 2777 pater
381 2720 441 2760 eum
462 2705 663 2762 exheredaverit
683 2707 725 2762 vel
747 2708 820 2763 vivus
840 2708 897 2762 sine
918 2709 988 2762 iusta
1002 2723 1081 2764 causa

128 2806 190 2846 eum
212 2788 428 2860 emancipaverit,
450 2789 559 2845 iubetur
574 2800 694 2863 quartam
710 2797 814 2863 partem
830 2792 854 2846 ei
869 2807 979 2846 suorum
996 2791 1080 2847 hunc·

127 2890 188 2930 rum
202 2873 370 2945 relinquere,
393 2871 515 2929 videlicet
531 2882 638 2947 praeter
653 2873 738 2946 bona,
760 2890 828 2947 quae
843 2873 875 2928 ad
891 2883 992 2946 patrem
1015 2873 1080 2930 ado·

126 2959 230 3030 ptivum
250 2955 388 3012 transtulit
408 2963 435 3010 et
455 2972 570 3029 quornm
591 2957 760 3014 commodum
780 2958 805 3012 ei
819 2957 962 3029 adquisivit
976 2964 1079 3030 postea.

127 3041 255 3098 llinorem
277 3049 342 3095 natu
363 3055 418 3095 non
440 3056 520 3112 posse
543 3043 670 3098 maiorem
691 3041 818 3114 adoptare
840 3040 941 3114 placet:
970 3041 1114 3115 adopti04

126 3127 198 3182 enim
212 3134 334 3181 naturam
354 3124 474 3178 imitatur
493 3133 520 3178 et
538 3141 588 3197 pro
601 3134 721 3181 monstro
738 3133 790 3195 est,
811 3133 842 3180 ut
861 3127 944 3182 maior
958 3127 993 3181 sit
1008 3123 1079 3182 lilius

126 3225 207 3284 quam
222 3218 308 3283 patere
344 3205 424 3264 debet
438 3208 529 3281 itaque
550 3209 582 3279 is,
607 3210 653 3282 qui
673 3207 724 3264 sibi
745 3226 793 3283 per
813 3209 1016 3284 adrogationem
1037 3210 1081 3266 vel

193 3471 213 3537 1)
230 3472 281 3522 Eat
297 3473 329 3523 L.
349 3476 388 3525 10.
406 3474 434 3523 (J.
454 3476 485 3524 de
503 3476 591 3538 adopt.
612 3472 646 3539 (8,
665 3475 698 3525 47
716 3477 748 3525 ai
766 3473 821 3539 48).

159 3569 309 3607 tvsrnvrxnr
326 3572 543 3612 rusurrvrrouus.
