2500 3890
420 235 454 268 nn
473 233 545 270 neon
562 235 673 277 nonnum
690 221 737 285 IV,
756 224 782 272 3.
1020 217 1075 281 161

129 370 245 428 dominio
260 372 372 445 eadere,
392 375 434 429 sin
449 383 537 430 autem
554 375 638 430 aliena
653 377 704 445 sit,
724 383 787 449 post
801 375 840 430 rei
857 367 1079 431 restitutionem¹

128 456 205 510 ctiam
217 458 427 512 aestimationem
439 457 557 514 eiusdem
569 460 607 513 rei
620 467 764 532 praestare.
795 459 866 532 quod
881 475 935 514 non
950 458 1036 514 solum
1052 460 1079 514 in

128 538 269 596 mobilibus
290 540 388 612 rebus,
410 558 477 614 quae
498 544 555 614 rapi
575 550 703 615 possunt,
727 545 935 598 constitutiones
956 544 1078 616 optinere

127 633 300 695 censuerunt,
312 624 451 680 sedetiam
469 628 495 680 in
506 619 699 697 invasionibus,
714 643 782 700 quae
793 628 862 682 circa
880 642 923 681 res
934 627 986 682 soli
1000 625 1078 695 fiunt,

127 714 156 762 ut
175 723 207 762 ex
228 707 279 764 hac
299 724 378 764 eausa
400 710 472 764 omni
493 710 583 781 rapina
604 710 726 766 homines
741 710 900 765 abstineant.
945 703 994 765 ²ln
1010 702 1112 766 hac³2

127 791 231 846 actione
248 808 303 846 non
320 792 414 864 utique
432 785 594 865 spectatur‚⁴
609 809 665 848 reru
679 795 707 848 in
722 793 799 849 honis
815 794 914 849 actoris
929 809 1001 849 esse:
1018 809 1079 849 nam

126 875 179 930 sire
192 877 221 930 in
234 875 313 931 bonis
330 877 366 930 sit
383 877 437 931 sive
448 893 503 931 non
520 878 565 945 sit,
581 878 603 931 si
617 887 705 932 tamen
717 893 748 932 ex
760 876 836 932 honis
849 878 895 947 sit,
909 876 999 933 locum
1014 877 1079 934 haec

125 959 193 1014 aetio
216 957 332 1017 habebit.
366 975 448 1032 quare
468 961 523 1015 sive
542 960 709 1016 commodata
729 962 783 1016 sive
808 960 896 1016 locuta
918 961 973 1016 sive
1000 963 1079 1016 etiam

125 1043 265 1114 pignerata
285 1043 340 1097 sive
360 1043 480 1116 deposita
502 1045 537 1098 sit
558 1044 629 1118 apud
646 1044 743 1100 l'itium
763 1045 818 1115 sic,
839 1052 869 1099 ut
888 1045 994 1099 intersit
1009 1045 1078 1116 eius,

124 1141 180 1180 eam
196 1141 253 1181 non
269 1125 382 1197 auferri,
402 1127 484 1182 veluti
505 1129 528 1181 si
544 1129 571 1182 ln
591 1143 619 1181 re
635 1127 755 1201 deposita
771 1127 875 1202 culpam
890 1144 1000 1201 quoque
1014 1144 1078 1201 pro·

125 1210 216 1280 misit,
239 1210 295 1264 sive
317 1207 386 1265 bona
406 1208 458 1265 lide
473 1211 627 1283 possideat,
649 1213 705 1267 sive
720 1212 916 1268 usumfructum
931 1213 958 1267 in
973 1228 1003 1268 ea
1019 1213 1079 1285 quis

125 1291 224 1349 habeat
240 1292 282 1348 vel
297 1293 370 1365 quod
385 1293 455 1349 aliud
467 1296 519 1366 ius,
537 1302 567 1348 ut
581 1296 686 1350 intersit
700 1298 768 1364 eius,
783 1312 837 1351 non
852 1297 921 1369 rapi:
937 1295 1079 1352 dicendum

128 1385 179 1446 est,
197 1385 354 1449 competere
366 1379 390 1433 ei
402 1378 470 1434 hanc
478 1380 622 1447 actionem,
638 1386 668 1432 ut
679 1395 733 1434 uon
745 1379 891 1435 dominium
901 1382 1021 1453 accipiat,
1032 1379 1078 1435 sed

124 1459 189 1515 illud
202 1459 304 1529 solum,
320 1461 392 1532 quod
406 1477 438 1516 ex
453 1461 530 1517 honis
547 1463 615 1532 eius,
632 1463 677 1534 qui
692 1464 811 1535 rapinam
824 1479 918 1535 passus
930 1471 980 1538 est,
995 1462 1023 1518 id
1038 1472 1079 1518 est

123 1544 198 1616 quod
220 1560 251 1599 ex
272 1542 421 1600 substantia
442 1547 500 1600 eius
515 1543 630 1600 ablatum
646 1562 705 1600 esse
721 1555 896 1619 proponatur.
925 1554 953 1601 et
968 1561 1079 1619 genera-

123 1626 185 1684 liter
200 1624 344 1683 dicendum
359 1636 416 1699 est,
438 1645 470 1684 ex
485 1626 581 1701 quibus
596 1628 683 1684 causis
699 1628 764 1684 iurti
779 1631 848 1684 actio
864 1631 992 1702 competit
1007 1631 1034 1684 in
1048 1646 1078 1685 re

122 1711 191 1768 clam
206 1710 293 1780 lacta,
309 1726 341 1766 ex
355 1712 448 1768 iisdem
463 1713 549 1768 causis
564 1727 656 1768 omnes
672 1712 770 1769 hahere
784 1713 853 1768 hanc
866 1714 1007 1769 actionem.

544 1925 601 1965 TIT.
615 1927 660 1967 111.

426 2008 476 2058 nn
494 2009 591 2060 neon
610 2011 771 2073 Acutum.

188 2124 297 2186 5llamnl
324 2130 427 2186 inuriae
455 2131 524 2186 actio
553 2133 728 2186 constituitur
754 2147 803 2204 per
824 2131 912 2205 legem
933 2132 1075 2205 Aquiliam.
1089 2146 1126 2185 er.

123 2218 200 2272 cuius
222 2216 308 2288 primo
330 2215 416 2286 capite
437 2223 544 2269 cautum
566 2223 623 2285 est,
646 2223 676 2270 ut
697 2216 720 2269 si
736 2217 796 2287 quis
812 2216 946 2270 hominem
961 2216 1075 2271 alienum

123 2301 269 2356 alienamve
297 2296 514 2371 quadrupedem,
542 2313 611 2371 quae
631 2299 762 2372 pecudum
784 2315 896 2354 numero
917 2301 967 2372 sit,
990 2301 1075 2356 inuria

122 2382 263 2445 occiderit,
277 2382 368 2453 quanti
387 2398 417 2436 ea
431 2383 513 2436 resin
528 2397 559 2436 eo
572 2398 640 2437 anno
652 2382 759 2455 plurimi
771 2381 831 2451 luit,
846 2391 950 2438 tantum
967 2383 1075 2440 domino

123 2468 187 2522 dare
202 2464 352 2520 damnetur.
382 2464 458 2533 Quod
473 2473 560 2520 autem
576 2482 629 2520 non
645 2467 762 2539 praecise
778 2466 811 2522 de
826 2466 1012 2542 quadrupede,
1029 2468 1076 2524 sed
1096 2472 1108 2518 1

122 2551 156 2607 de
172 2567 203 2606 ea
219 2557 332 2619 tantum,
348 2565 415 2622 quae
431 2548 562 2622 pecudum
574 2566 686 2604 numero
698 2558 749 2621 est,
766 2560 885 2622 cavetur,
901 2568 933 2607 eo
950 2553 1076 2625 pertinet,

123 2644 154 2690 ut
164 2648 254 2706 neque
266 2632 299 2687 de
315 2631 379 2688 ieris
397 2631 489 2687 hestiis
507 2649 594 2706 neque
612 2633 644 2688 de
656 2634 764 2690 canibus
776 2645 882 2691 cantum
895 2651 954 2690 esse
971 2636 1075 2690 intelle-

123 2734 228 2792 gamus,
244 2715 290 2771 sed
305 2716 338 2771 de
353 2717 393 2771 lrls
410 2725 523 2786 tantum,
539 2733 605 2789 quae
620 2720 729 2792 proprie
744 2720 816 2792 pasci
831 2717 967 2789 dicuntur,
983 2719 1075 2790 quales

124 2809 188 2858 sunt
203 2802 273 2872 equi,
291 2800 365 2869 muli,
382 2801 458 2868 asini,
475 2799 566 2872 boves,
582 2818 659 2869 oves,
675 2818 779 2875 caprae.
809 2802 842 2857 de
858 2801 949 2856 suibus
965 2817 1075 2874 quoque

122 2886 192 2942 idem
213 2885 326 2957 placuit:
346 2899 406 2938 uam
426 2892 454 2939 et
475 2899 684 2964 suespeoorum
700 2884 877 2960 appellatione
891 2886 1073 2957 continentur,

123 3049 324 3058 —-——-——

190 3145 210 3210 ¹)
229 3147 270 3196 rei
288 3147 490 3198 restitutionem
507 3151 600 3211 scripsi
621 3163 672 3198 aec.
691 3144 804 3211 Tleopl.
822 3147 1018 3198 restitutionem
1036 3153 1075 3199 nel

122 3215 322 3265 restitutionem
341 3217 398 3264 eius
416 3217 488 3265 codd.
514 3222 539 3265 et
556 3217 614 3268 edd.
715 3212 737 3276 2)
753 3217 811 3278 sere
828 3236 862 3256 =
880 3217 911 3265 t.
932 3217 955 3267 2.
974 3217 1013 3275 ἐξ.
1032 3219 1073 3266 22.

123 3284 163 3335 23.
181 3283 215 3332 D.
234 3286 259 3331 oi
275 3283 330 3336 bon.
348 3291 418 3345 rapt.
437 3281 491 3342 (47,
504 3283 530 3343 8)
548 3297 584 3331 ec
603 3283 662 3346 Utp.
680 3285 695 3330 l.
709 3283 742 3332 66
759 3285 794 3332 ud
811 3285 850 3332 ed.
920 3280 941 3344 ⁸)
961 3297 1027 3334 sene
1045 3284 1074 3333 in

122 3348 173 3400 hae
190 3351 231 3400 ed.
249 3349 321 3398 Scltr.
339 3365 374 3398 ecc
392 3350 537 3414 quibusdam
554 3339 628 3399 codd.
646 3350 722 3402 infer.
790 3347 811 3412 4)
830 3353 866 3399 slc
878 3351 978 3414 quidam
996 3353 1070 3405 codd.

122 3418 196 3480 inser.
214 3421 368 3480 spectemus
391 3418 448 3480 θὶς.
467 3407 646 3480 ἀπαιτοῦμεν
669 3416 779 3478 Tteopt.
804 3422 981 3480 exspectetur
997 3419 1071 3472 codd.

122 3492 168 3535 oet.
186 3486 244 3534 edd.
264 3483 336 3534 Scdr.
356 3491 381 3532 et
398 3484 447 3532 Kr.
515 3481 539 3546 5)
556 3504 589 3524 =
608 3484 663 3533 Gai.
682 3486 706 3544 3,
726 3485 783 3534 210.

152 3581 303 3618 1vsuru1nn1
321 3581 520 3616 rusmrvmouus.
891 3569 918 3617 11
