2500 3890
161 171 222 235 140
322 189 358 224 nn
376 188 516 222 murriones
534 187 569 223 aar
586 187 752 224 venorrrosn
770 173 818 234 111,
837 175 869 222 23
887 170 951 235 (24).

158 330 210 385 nisi
225 336 253 385 et
267 329 445 384 instrumenta
461 327 604 400 emptionis
620 327 719 383 inerint
733 327 884 400 conscripta
897 325 939 381 vei
953 341 1033 380 manu
1048 342 1115 398 pro·

158 414 216 487 pria
231 413 462 482 contrahentium,
482 411 524 466 vel
538 410 570 467 ab
585 410 636 466 alio
653 410 759 484 quidem
774 411 886 484 scripta,
908 426 922 465 e
937 410 1118 466 contrahente

160 505 247 551 autem
263 495 412 568 subscripta
427 501 470 564 et,
489 494 512 548 si
534 511 582 568 per
596 493 767 551 tabellionem
782 491 866 565 fiunt,
886 495 937 548 nisi
952 501 979 547 et
993 487 1116 566 comple·

157 581 247 636 tiones
263 579 414 652 acceperint
428 585 456 634 et
470 576 571 633 inerint
586 578 706 651 partibus
718 576 851 634 absoluta.
879 576 965 633 donec
980 577 1050 631 enim
1065 576 1118 631 ali·

159 663 222 735 quid
238 677 272 717 cx
287 662 328 718 his
344 661 435 735 deest,
456 670 484 718 et
503 663 684 734 poenitentiae
704 662 781 718 locus
801 669 844 716 est
858 668 885 716 et
900 667 993 733 potest
1006 668 1119 733 emptor

158 746 201 802 vel
216 744 338 802 venditor
358 747 416 801 sine
437 762 523 818 poena
543 745 668 801 recedere
688 744 720 800 ab
735 746 880 818 emptione.
909 745 945 799 ita
961 751 1049 798 temen
1062 745 1116 798 im-

159 846 232 903 pune
243 829 369 886 recedere
387 831 425 885 eis
437 829 619 899 concedimus,
633 830 684 885 nisi
696 829 747 884 iem
758 845 877 884 arrarum
887 829 996 883 nomine
1011 826 1119 899 aliquid

160 913 241 969 luerit
256 915 362 969 datum:
384 913 436 969 hoc
455 913 555 969 etenim
569 910 728 982 subsecuto,
749 913 804 967 sive
820 913 847 967 in
862 912 969 985 scriptis
984 911 1039 966 sive
1054 912 1118 966 sine

160 999 269 1071 scriptis
283 997 400 1053 venditio
416 995 548 1052 celebrata
563 1003 620 1069 est,
641 998 679 1068 is,
701 996 746 1068 qui
767 1004 874 1052 recusat
889 994 1033 1067 adimplere
1046 1011 1117 1050 con-

162 1090 291 1152 tractum,
313 1083 336 1135 si
357 1080 462 1153 quidem
484 1087 591 1154 emptor
610 1087 666 1150 est,
687 1078 790 1152 perdit,
812 1079 884 1151 quod
900 1078 990 1147 dedit,
1010 1079 1119 1134 sivero

160 1165 295 1236 venditor,
311 1163 421 1236 duplum
437 1164 580 1219 restituere
595 1163 775 1236 compellitur,
790 1162 853 1218 licet
867 1161 934 1218 nibil
948 1177 1030 1235 super
1045 1163 1119 1218 erris

121 1251 143 1302 ,1
162 1264 316 1320 expressum
337 1255 387 1304 est.
431 1246 548 1302 Pretium
569 1257 658 1303 autem
673 1247 801 1303 constitui
821 1253 944 1320 oportet:
965 1261 1026 1300 uem
1040 1245 1121 1302 nulla

112 1331 148 1398 (1)
161 1333 262 1404 emptio
277 1332 335 1386 sine
349 1332 436 1404 pretio
459 1347 519 1386 esse
538 1338 638 1404 potest.
684 1323 748 1386 ¹sed
764 1339 791 1386 et
805 1339 908 1386 certum
922 1330 1038 1403 pretium
1052 1345 1120 1386 esse

161 1415 250 1472 debet.
287 1414 405 1486 alioquin
421 1415 444 1469 si
458 1415 493 1470 ita
508 1416 579 1470 inter
593 1415 697 1486 aliquos
712 1415 884 1483 convenerit,
899 1422 944 1484 ut,
960 1414 1053 1485 quanti
1068 1412 1119 1468 Τί-

160 1500 214 1555 tius
229 1515 286 1554 rem
306 1499 499 1570 aestimaverit,
522 1501 588 1554 tanti
607 1501 643 1554 sit
663 1507 764 1571 empta:
786 1499 857 1554 inter
871 1503 975 1552 veteres
990 1498 1054 1552 satis
1068 1495 1121 1552 ab·

160 1582 286 1654 undeque
300 1582 353 1638 boc
367 1581 554 1654 dubitabatur,
574 1585 629 1638 sive
645 1590 751 1639 constat
768 1581 885 1636 venditio
900 1583 956 1636 sive
969 1597 1034 1637 non.
1064 1581 1120 1636 sed

160 1676 255 1721 nostra
270 1659 390 1720 decisio²
404 1667 441 1720 ita
456 1667 509 1720 boc
523 1666 680 1736 constituit,
702 1675 748 1736 ut,
769 1665 895 1738 quotiens
909 1665 949 1720 sic
963 1665 1120 1737 composite

160 1750 196 1805 sit
210 1747 328 1803 venditio
345 1764 462 1812 cunum
477 1765 550 1805 anne
565 1765 812 1818 amsurmnvnmrn,
827 1747 877 1803 sub
892 1749 942 1803 bac
956 1748 1120 1804 condicione

160 1840 245 1887 staret
259 1839 428 1907 contractus,
444 1838 489 1900 ut,
504 1833 527 1886 si
542 1833 647 1904 quidem
662 1835 735 1904 ipse,
751 1833 796 1904 qui
811 1833 963 1887 nominatus
979 1840 1037 1902 est,
1051 1848 1121 1905 pre·

161 1917 228 1970 tium
250 1913 396 1984 definierit,
425 1915 577 1970 omnimodo
599 1915 745 1971 secundum
774 1917 832 1970 eius
853 1916 1063 1971 aestimationem
1087 1925 1122 1972 et

160 1999 275 2072 pretium
298 1998 467 2071 persolvatur
489 2006 517 2055 et
538 2016 581 2054 res
604 2000 738 2069 tradatur,
762 2008 792 2055 ut
807 1999 925 2054 venditio
940 1999 972 2054 ad
988 1999 1120 2054 ellectum

160 2082 336 2156 perducatur,
366 2089 488 2155 emptore
513 2083 619 2156 quidem
647 2091 792 2155 exempto
819 2085 944 2154 actione,
972 2082 1122 2139 venditore

161 2174 251 2221 autem
271 2182 303 2222 ex
324 2166 430 2222 vendito
451 2175 556 2238 agente.
593 2168 635 2222 siu
649 2177 737 2222 autem
752 2166 812 2237 ille,
834 2167 879 2239 qui
894 2167 1046 2221 nominatus
1060 2177 1121 2239 est,

159 2247 203 2303 vel
217 2248 334 2304 noluerit
349 2249 391 2304 vel
405 2267 460 2304 non
474 2252 594 2323 potuerit
608 2252 723 2324 pretium
738 2248 863 2321 definire,
885 2259 948 2305 tunc
964 2266 1013 2322 pro
1028 2250 1122 2306 nihilo

161 2346 220 2386 esse
236 2332 426 2403 venditionem,
441 2333 517 2405 quasi
533 2333 607 2388 nullo
622 2335 709 2407 pretio
725 2341 836 2390 statuto.
865 2332 938 2406 quod
953 2335 995 2388 ius
1010 2349 1071 2389 cum
1087 2335 1125 2390 in

161 2413 359 2469 venditionibus
374 2414 451 2471 nobis
467 2415 581 2489 placuit,
602 2433 655 2472 non
671 2425 713 2472 est
728 2416 873 2472 absurdum
888 2418 958 2472 etin
972 2417 1124 2474 locationi-

128 2496 211 2552 2bus
234 2505 262 2552 et
283 2497 506 2554 conductionibus
530 2499 643 2559 trahere.
681 2493 764 2555 ³ltem
785 2502 902 2573 pretium
924 2501 952 2555 in
973 2509 1125 2559 numerata

161 2582 273 2654 pecunia
285 2583 432 2636 consistere
443 2581 531 2638 debet.
560 2599 620 2638 nam
631 2585 658 2639 in
669 2585 765 2639 ceteris
779 2583 860 2639 rebus
875 2600 908 2639 au
922 2584 1039 2657 pretium
1052 2601 1127 2642 esse

159 2665 261 2737 pessit,
282 2663 363 2720 veluti
384 2665 466 2720 bomo
487 2673 533 2721 aut
552 2665 651 2722 fundus
672 2674 719 2722 aut
739 2675 802 2740 toga
816 2667 927 2722 alterius
942 2669 981 2722 rei
995 2667 1128 2740 pretium

160 2763 220 2803 esse
239 2748 341 2821 possit,
363 2748 438 2804 valde
459 2748 645 2820 quaerebatur.
689 2749 801 2806 SebInus
820 2760 848 2806 et
866 2750 975 2806 Cassius
990 2752 1073 2806 etiam
1091 2753 1129 2810 in

160 2830 253 2886 aliare
268 2839 364 2905 putant
378 2847 458 2905 posse
472 2833 589 2906 pretium
604 2835 768 2889 consistere:
791 2833 861 2889 unde
876 2834 943 2889 illud
960 2842 1015 2906 est,
1039 2838 1130 2906 qnod

159 2914 242 2988 vulgo
258 2913 410 2987 dicebatur,
425 2933 473 2989 per
487 2917 711 2988 permutationem
724 2933 815 2972 rerum
830 2917 993 2990 emptionem
1008 2927 1036 2974 et
1050 2936 1130 2978 ven·

160 2997 289 3053 ditionem
311 3000 432 3055 contrahi
460 3015 569 3070 eamque
591 3001 706 3072 speciem
729 3002 874 3074 emptionis
895 3001 1131 3076 venditionisque

159 3082 366 3137 vetustissimam
394 3099 467 3138 esse:
494 3092 709 3155 argumentoque
736 3083 879 3139 utebantur
905 3084 1006 3141 Graeco
1034 3099 1132 3159 poeta

158 3244 359 3253 ——-—-.-

229 3357 568 3425 1)tntt.=dai.3,140.
670 3360 691 3425 ²)
713 3364 745 3412 L.
770 3364 810 3414 15.
834 3363 861 3414 0.
884 3366 917 3414 de
938 3373 1020 3416 contr.
1039 3378 1133 3433 empt.

158 3423 201 3488 (4,
219 3423 271 3489 38).
340 3425 360 3490 ³)
377 3428 435 3489 sere
452 3449 486 3468 =
505 3429 560 3482 Gai.
578 3432 608 3493 3,
627 3430 683 3482 141.
