2472 3896
163 150 205 216 26
217 169 252 204 ne
269 166 340 203 eren.
357 167 417 204 nun.
432 165 486 202 vnn
505 165 548 212 eo,
564 165 611 207 om
627 165 664 200 ex
680 163 751 200 enon
769 164 824 200 tun.
841 163 876 198 ee
892 163 947 197 rar.
963 159 1025 196 nte.
1037 144 1064 210 1,
1084 146 1134 196 20.

163 309 246 382 Atqui
260 315 375 382 patrono
390 305 511 380 legitimo
527 313 619 361 tutore
633 312 753 375 mortuo,
767 302 845 360 liberi
856 318 964 376 quoque
979 303 1038 356 eius
1054 299 1134 374 legi-

163 393 220 448 timi
235 399 299 446 sunt
313 397 432 446 tutores:
449 388 574 462 quoniam
590 386 661 444 filius
677 388 784 461 quidem
796 387 925 455 defuncti,
941 387 964 441 si
978 400 1034 440 non
1049 394 1134 440 esset

164 477 252 531 avivo
267 481 343 547 patre
358 475 547 545 emancipatus,
563 481 627 546 post
642 471 744 528 obitum
760 473 817 528 eius
829 471 871 527 sui
886 470 952 526 iuris
967 466 1134 525 efficeretur

164 575 215 614 nec
234 559 262 614 in
282 555 395 612 fratrum
416 564 577 630 potestatem
598 556 730 613 recideret
748 555 863 627 ideoque
884 554 976 611 necin
998 551 1131 625 tutelam,
1203 613 1204 622 χ

164 640 277 698 libertus
293 649 382 696 autem
402 642 426 696 si
445 656 539 697 servus
558 641 717 711 mansisset,
739 640 833 712 ntique
855 636 950 694 eodem
971 638 1029 693 iure
1051 636 1132 710 apud

164 723 264 780 liberos
279 725 379 781 domini
393 733 581 798 postmortem
598 725 655 778 eius
667 722 776 779 iuturus
792 730 873 778 esset.
903 722 940 777 ita
955 729 1043 779 tamen
1054 720 1076 776 ii
1094 721 1131 776 ad
1203 751 1204 756 κ

166 808 276 864 tutelam
291 817 436 878 vocantur,
456 810 480 866 si
499 807 634 882 perlectae
649 808 743 862 aetatis
758 803 823 863 sint.
859 805 933 879 quod
949 812 1042 860 nostra
1056 819 1130 863 con·

164 887 290 949 stitutio¹
313 894 477 967 generaliter
498 894 525 947 in
542 890 665 947 omuibus
681 889 773 947 tutelis
788 897 816 945 et
830 886 1013 945 curationibus
1029 885 1131 944 obser-

164 977 220 1033 vari
236 978 380 1051 praecepit.

580 1185 639 1227 m.
652 1183 703 1225 XX.

214 1271 263 1322 DE
281 1269 453 1323 ATILIANO
471 1269 617 1322 TUTORE
635 1267 726 1320 VEL²
741 1268 799 1332 EO,
817 1268 882 1331 QUI
900 1267 950 1317 EX
969 1267 1067 1320 LEGE

405 1355 507 1406 ltttln
524 1355 571 1405 ΕΤ
588 1350 689 1405 ΤΙΤῘΑ
706 1353 885 1406 ΒΔΒΔΤΠΒ.

116 1500 151 1541 Ρι.
230 1471 278 1536 ³Si
290 1480 333 1536 cui
345 1477 436 1536 nullus
446 1479 555 1534 omnino
572 1485 647 1533 tutor
658 1475 757 1546 iuerat,
773 1475 798 1530 ei
812 1473 924 1530 dabatur
938 1475 966 1530 in
981 1472 1048 1530 urbe
1064 1477 1129 1548 qui-

166 1563 225 1627 dem
241 1563 322 1619 Rome
338 1580 353 1618 a
368 1569 493 1636 praetore
510 1560 611 1616 urbano
627 1567 654 1614 et
670 1559 769 1614 maiore
789 1565 865 1632 parte
880 1557 1050 1618 tribunorum
1065 1558 1128 1631 ple-

166 1633 208 1701 bis
222 1654 299 1701 tutor
313 1662 345 1701 ex
366 1645 429 1718 lege
443 1644 539 1714 Atilia,
561 1646 588 1698 in
604 1643 749 1715 proviaciis
764 1657 827 1697 vero
843 1658 857 1696 a
871 1639 1037 1714 praesidibus
1053 1657 1124 1714 pro-

135 1739 147 1785 t
167 1729 312 1784 vinciarum
326 1745 357 1783 ex
372 1727 433 1801 lege
448 1725 513 1782 lolia
525 1733 553 1782 et
563 1725 642 1781 Titia.
674 1723 727 1780 Sed
738 1735 765 1781 et
775 1725 798 1780 si
810 1731 971 1781 testamento
982 1731 1060 1780 tutor
1070 1725 1126 1781 sub

167 1811 323 1867 condicione
346 1818 391 1866 aut
412 1811 455 1866 die
476 1818 551 1866 certo
574 1808 651 1864 datus
673 1807 770 1881 iuerat,
793 1807 918 1881 quamdiu
938 1807 1058 1864 condicio
1074 1819 1126 1865 aut

168 1895 223 1950 dies
239 1893 381 1967 pendebat,
405 1909 437 1949 ex
457 1892 550 1949 iisdem
573 1890 678 1966 legibus
701 1900 776 1948 tutor
797 1892 854 1946 dari
869 1899 985 1964 poterat.
1019 1893 1083 1947 item
1098 1895 1124 1948 si

167 1995 234 2053 pure
257 1978 335 2034 datus
357 1970 471 2050 iuerat,⁴
493 1975 620 2049 quamdiu
641 1992 719 2031 nemo
743 1991 775 2032 ex
794 1982 957 2032 testamento
972 1974 1050 2031 beree
1066 1977 1124 2031 exi-

168 2057 286 2131 stebat,l
309 2063 409 2118 tamdiu
431 2078 462 2118 ex
484 2061 577 2117 iisdem
600 2059 705 2134 iegibus
728 2067 804 2116 tutor
825 2059 957 2133 petendus
979 2068 1050 2129 erat,
1075 2061 1123 2133 qui

169 2144 306 2202 desinebat
320 2154 396 2202 tutor
409 2161 486 2216 esse,
510 2145 533 2201 si
548 2143 669 2200 condicio
685 2144 813 2199 existeret
827 2150 873 2198 aut
887 2143 944 2198 dies
959 2143 1061 2198 veniret
1074 2151 1123 2198 aut

134 2237 150 2284 2
167 2229 246 2284 lueres
261 2231 396 2285 existeret.
427 2228 466 2284 lib
482 2226 606 2284 hostibus
621 2243 729 2300 quoque
745 2235 986 2300 tutorecapto,e1
1002 2227 1042 2281 bis
1054 2225 1121 2300 legi·

168 2311 217 2366 bus
234 2321 309 2368 tutor
324 2311 475 2384 petebatur,
492 2313 537 2384 qui
551 2310 690 2366 desinebat
704 2326 763 2366 esse
780 2317 863 2379 tutor,
880 2311 904 2366 si
918 2311 950 2373 is.
965 2310 1011 2382 qui
1026 2319 1120 2382 captus

100 2465 103 2473 Ι
168 2404 239 2460 erat,
269 2395 296 2449 in
318 2397 450 2452 civitatem
472 2410 596 2450 reversus
618 2393 719 2450 iuerat:
747 2409 807 2448 nam
829 2409 953 2449 reversus
975 2392 1120 2466 recipiebat

133 2487 149 2535 3
168 2478 279 2534 tutelam
298 2479 356 2533 iure
376 2477 544 2551 postliminii.
589 2476 642 2532 Sed
662 2493 694 2530 ex
713 2476 754 2532 his
770 2475 875 2549 legibus
890 2476 1000 2550 pupillis
1015 2485 1120 2533 tutores

167 2560 305 2618 desierunt
320 2562 387 2634 dari,
408 2569 584 2635 posteaquam
599 2562 686 2632 primo
704 2558 828 2615 consules
844 2560 953 2634 pupillis
975 2561 1120 2632 utriusque

166 2654 366 2702 sexustutores
381 2662 413 2701 ex
427 2646 601 2719 inquisitione
617 2644 681 2698 dare
695 2653 854 2715 coeperunt,
873 2642 969 2699 deinde
981 2652 1120 2717 praetores

166 2746 199 2786 ex
225 2728 473 2786 constitutionibus.
519 2744 578 2783 nem
606 2743 687 2800 supra
715 2727 822 2799 scriptis
848 2726 953 2797 legibus
977 2743 1064 2801 neque
1086 2727 1120 2784 de

166 2816 288 2870 cautione
303 2831 317 2869 a
333 2812 469 2870 tutoribus
484 2811 614 2886 exigenda
629 2826 684 2865 rem
702 2810 800 2866 salvam
811 2811 921 2884 pupillis
941 2811 1009 2881 iore,
1032 2827 1119 2884 neque

166 2896 199 2954 de
221 2897 412 2971 compellendis
434 2895 570 2954 tutoribus
591 2893 624 2948 ad
644 2893 743 2950 tutelae
765 2895 1020 2950 administrationem
1043 2894 1118 2967 quid·

129 2988 245 3064 tiquam
259 2990 376 3039 cavetur.
407 2979 461 3036 Sed
481 2981 534 3035 boc
553 2979 612 3034 iure
627 2978 736 3048 utimur,
757 2987 788 3034 ut
799 2977 897 3038 Romae
913 2977 1021 3052 quidem
1042 2969 1118 3051 prae·

233 3208 253 3275 ¹)
274 3211 304 3263 t.
323 3212 347 3262 5.
367 3209 393 3260 0.
411 3210 444 3259 de
460 3210 528 3274 lepit.
547 3216 591 3258 tut.
610 3206 645 3271 (5,
665 3203 717 3270 30).
787 3205 808 3272 2)
826 3205 883 3258 ΒΤ
893 3211 920 3258 et
932 3208 972 3258 ed.
993 3207 1066 3258 Scir.
1084 3223 1119 3258 erc

163 3279 222 3328 aliie
239 3279 313 3327 codd.
401 3273 422 3340 8)
438 3293 479 3341 pr.
496 3277 527 3337 ἐξ
550 3279 573 3324 1.
592 3275 1010 3336 e.=cat.1‚185...187mu1.
1095 3272 1117 3339 ⁴)

163 3343 243 3394 fuerit
255 3361 290 3394 ecc
302 3345 360 3393 aliie
371 3345 445 3393 codd.
458 3345 498 3394 ed.
511 3343 562 3398 Kr.
625 3343 647 3406 ⁶)
665 3344 703 3391 sie
720 3342 820 3406 quidam
838 3342 912 3391 codd.
929 3341 1007 3404 inser.
1020 3341 1119 3391 existet

161 3412 277 3476 plerique
295 3417 320 3460 et
336 3418 384 3461 oet.
402 3411 476 3461 codd.
494 3411 552 3461 edd.
571 3409 645 3463 Solu.
664 3415 689 3459 et
706 3409 756 3460 Κν,
