2472 3896
468 201 503 234 nac
521 201 628 236 narrare
642 186 664 249 I,
679 189 719 237 10.
1034 185 1074 250 15

116 357 186 409 vam,
210 356 321 396 uxorem
337 340 435 398 ducere
451 358 505 397 non
521 342 591 405 licet,
615 343 679 397 item
701 350 879 412 materteram,
903 343 964 414 quia
979 357 1073 414 paren·

116 433 173 480 turn
189 423 250 480 loco
267 424 407 482 habentur.
442 442 494 498 qua
515 426 619 481 ratione
640 441 731 480 verum
753 434 804 495 εει,
827 441 948 498 magnam
965 440 1073 498 quoque

115 509 223 564 amitam
238 514 266 562 et
282 516 451 564 materteram
467 525 589 582 maguam
603 507 740 582 prohiberi
755 525 865 564 uxorem
881 509 989 566 ducere.
1019 509 1072 564 Ad·
1091 507 1106 554 6

114 590 226 647 finitatis
249 608 358 664 quoque
379 595 550 648 veneratione
573 592 738 664 quarundam
761 593 861 665 nuptiis
877 592 1012 648 abstinere
1026 609 1073 648 ne·

114 692 192 732 cesse
211 683 262 730 εει.
299 685 330 730 ut
350 693 412 731 ecce
432 677 581 749 privignam
603 684 649 732 aut
665 693 762 732 nurum
778 692 889 732 uxorem
905 676 1002 733 ducere
1018 692 1072 732 non

114 760 190 827 licet,
199 761 395 833 quiautraeque
405 757 621 821 filioelocosuut.
638 760 709 833 quod
721 760 824 816 scilicet
834 760 870 815 ita
879 761 961 833 accipi
969 752 1072 830 debet,1

114 844 138 898 si
155 843 207 898 suit
222 859 306 897 nurus
322 850 367 898 aut
382 845 516 916 privigna:
539 860 600 898 narn
615 845 637 898 si
653 843 740 900 adhuc
760 860 845 899 nurus
866 851 917 913 est,
940 844 967 898 id
989 853 1030 898 est
1050 845 1073 898 si

115 927 203 982 adhuc
217 936 301 999 nupta
316 935 358 982 εει
373 926 429 982 filio
445 935 504 998 tuo,
520 927 571 983 alia
586 929 690 983 ratione
708 943 816 982 uxorem
832 943 889 982 eam
904 928 1002 983 ducere
1017 943 1072 982 non

114 1003 243 1084 poteris,²
277 1011 321 1081 qui
343 1011 433 1067 eadem
454 1010 560 1066 duobus
581 1019 664 1084 nupta
686 1027 820 1066 essenon
841 1019 945 1083 potest:
969 1013 1034 1065 item
1049 1011 1072 1065 si

115 1094 204 1150 adhuc
225 1095 346 1167 privigna
369 1102 413 1151 tua
429 1102 480 1166 esi,
503 1095 529 1150 id
552 1103 594 1150 est
616 1096 639 1148 si
661 1103 745 1150 mater
766 1097 824 1150 eius
848 1093 893 1149 tibi
914 1102 998 1166 nupta
1020 1102 1071 1162 est,

114 1178 177 1234 ideo
194 1193 251 1233 eam
266 1195 375 1234 uxorem
392 1178 489 1234 ducere
503 1195 558 1233 non
572 1180 684 1251 poteris,
708 1181 769 1252 quia
784 1178 849 1233 duas
864 1194 963 1234 uxores
978 1177 1073 1232 eodem
1117 1173 1121 1182 '

116 1271 239 1335 tempore
255 1260 352 1316 habere
367 1278 421 1317 non
437 1262 508 1317 licet.
540 1263 651 1317 Sacrum
668 1279 777 1334 quoque
798 1270 825 1317 ει
846 1278 988 1320 novercam
1010 1277 1072 1333 pro·
1091 1260 1105 1308 7

116 1345 232 1400 bibitum
248 1353 287 1399 est
304 1361 414 1400 uxorem
436 1345 543 1407 ducere,
566 1345 628 1416 quia
647 1347 737 1400 matris
759 1346 819 1401 loco
841 1354 914 1405 sunt.
957 1345 1030 1418 quod
1045 1352 1073 1399 ει

115 1430 205 1501 ipsum
227 1427 358 1482 dissoluta
379 1427 484 1482 demum
501 1425 636 1482 adfinitate
657 1429 791 1501 procedit:
815 1429 934 1501 alioquin
949 1431 972 1482 si
987 1427 1073 1483 adhuc

116 1526 233 1566 noverca
248 1518 299 1582 est,
314 1510 341 1565 id
357 1519 399 1566 est
413 1512 435 1565 si
452 1508 538 1566 adhuc
553 1513 621 1583 patri
638 1520 685 1566 tuo
700 1519 783 1584 nupia
798 1521 850 1582 εει,
866 1513 1000 1566 communi
1014 1513 1073 1565 iure

116 1594 262 1667 impeditur
277 1593 324 1648 tibi
339 1595 449 1660 nubere,
466 1595 526 1667 quia
541 1595 632 1650 eadem
647 1594 852 1668 duobusnupta
867 1612 928 1650 esse
943 1611 997 1650 non
1012 1603 1072 1667 pot·

116 1688 174 1734 est:
197 1679 261 1733 item
283 1679 307 1732 si
328 1679 414 1734 adhuc
436 1695 529 1733 socrus
553 1687 604 1747 est,
626 1679 652 1734 id
676 1688 718 1734 est
738 1680 761 1734 si
781 1679 868 1734 adhuc
882 1677 934 1733 filia
951 1678 1009 1733 eius
1026 1677 1071 1733 tibi

115 1770 199 1836 nupta
215 1770 267 1835 est,
282 1761 342 1817 ideo
358 1763 541 1836 impediuntur
555 1764 675 1835 nuptiae,
698 1764 760 1835 quia
781 1762 846 1819 duas
862 1778 959 1818 uxores
974 1761 1072 1816 habere

115 1863 170 1902 non
185 1838 296 1920 ροιεε.3
322 1845 409 1902 Mariti
425 1855 512 1902 tamen
528 1843 598 1901 filius
614 1847 711 1902 exalia
727 1863 810 1902 uxore
825 1855 852 1902 et
868 1847 958 1902 uxoris
974 1844 1027 1900 filia
1039 1861 1071 1900 er
1089 1847 1106 1894 8

115 1931 168 1986 aiio
191 1931 297 1999 morito,
320 1930 362 1985 vel
385 1938 489 2001 contra,
512 1931 708 1985 matrimonium
724 1939 798 1986 recte
813 1931 985 1998 contrahunt,
1008 1929 1072 1985 licet

116 2014 232 2070 habeant
253 2013 363 2068 fratrem
389 2029 542 2069 sororemve
570 2030 602 2068 ex
624 2015 793 2069 matrimonio
816 2023 910 2086 postea
932 2021 1071 2068 contracto

116 2106 202 2154 natos.
238 2096 265 2151 Si
281 2113 348 2152 uror
364 2107 408 2152 tua
423 2105 487 2170 post
502 2097 645 2152 divortium
661 2113 693 2151 ex
708 2097 760 2152 alio
782 2095 860 2152 filiam
879 2097 1071 2167 procreaverit,
1090 2099 1106 2145 9

117 2181 183 2234 haec
204 2195 259 2233 noa
282 2179 451 2252 estquidam
473 2181 595 2254 privigna
620 2190 675 2250 tua,
698 2179 745 2234 sed
760 2173 898 2234 Ιιιῐιειιιιε4
918 2178 1072 2234 huiusmodi

117 2264 218 2336 nuptiis
232 2262 364 2318 abstinere
378 2263 477 2318 debere
492 2265 542 2320 aii:
559 2280 618 2318 nam
634 2279 684 2318 nec
699 2279 823 2336 sponsam
839 2261 886 2318 filii
901 2279 999 2317 nurum
1012 2278 1073 2317 esse

118 2362 168 2402 nec
192 2347 275 2417 patris
302 2363 425 2419 sponsam
452 2363 593 2402 novercam
622 2363 694 2416 esse,
722 2348 821 2402 rectius
850 2356 936 2402 tamen
965 2353 992 2401 et
1014 2348 1072 2401 iure

118 2430 239 2485 iacturas
255 2445 312 2498 eos,
328 2433 373 2503 qui
389 2431 541 2487 huiusmodi
556 2432 658 2504 nuptiis
670 2447 700 2486 se
715 2429 902 2486 abstinuerim.
930 2429 997 2484 iliud
1014 2446 1071 2485 cer·
1091 2436 1123 2482 10

119 2523 174 2569 turn
190 2521 243 2583 εει,
259 2514 368 2568 serviles
380 2530 488 2587 quoque
500 2516 675 2588 cognationes
686 2514 876 2587 impedimento
890 2531 948 2570 esse
960 2515 1072 2587 nuptiis,

119 2598 141 2653 si
163 2596 234 2652 forte
256 2604 332 2668 pater
354 2605 380 2653 et
403 2596 454 2653 filia
477 2606 522 2653 aut
544 2598 627 2653 irater
649 2607 675 2653 et
692 2614 771 2653 soror
792 2599 948 2654 manumissi
961 2597 1071 2653 fuerint.

119 2681 187 2736 Sunt
202 2689 229 2735 et
244 2680 309 2735 aliae
324 2697 462 2753 personae,
480 2699 550 2756 quae
565 2691 678 2754 propter
693 2681 810 2737 diversas
826 2684 943 2737 rationes
964 2682 1072 2753 nuptias
1093 2688 1120 2733 ιι

119 2764 276 2821 contrahere
297 2763 488 2836 prohibentur,
517 2782 582 2839 quas
603 2767 631 2820 in
653 2764 726 2821 libris
749 2765 915 2838 digestorum
938 2780 987 2818 seu
1009 2779 1073 2836 pan·

119 2849 254 2904 deciorum
271 2863 302 2902 ex
318 2849 400 2903 veteri
416 2850 473 2904 iure
488 2850 660 2905 collectarum
674 2850 823 2904 enumerari
838 2849 1015 2921 permisimus.

182 2927 227 2988 ⁵81
243 2930 369 2986 adversus
385 2947 425 3003 ea,
446 2949 512 3006 quae
527 2933 651 3005 diximus,
667 2932 748 3004 aliqui
762 2932 886 3003 coierint,
906 2946 956 2986 nec
970 2931 1010 2984 vir
1024 2946 1073 2986 nec
1092 2937 1122 2983 12

121 3048 320 3058 ...η-.-

185 3112 205 3176 1)
223 3113 322 3162 debeat
340 3113 385 3162 alii
406 3112 481 3161 codd.
505 3113 563 3161 edd.
581 3112 653 3164 Sebr.
672 3119 697 3162 et
714 3112 764 3160 Kr.
799 3109 853 3160 Sed
869 3109 1001 3160 dubitandi
1016 3111 1073 3171 for-

118 3197 171 3231 mae
188 3181 228 3230 ha'c
245 3187 271 3230 et
287 3182 313 3229 ia
334 3179 494 3244 sequentibus
517 3181 610 3228 notatis
633 3180 774 3236 absurdae,
793 3180 843 3228 aiei
860 3173 1009 3242 εἰρωνείαν
1026 3179 1073 3228 ad·

118 3253 201 3298 mittas
218 3263 298 3312 aeque
316 3247 458 3297 absurdam.
493 3245 534 3307 Cf.
554 3246 608 3296 θαι.
632 3247 742 3310 Theopb.
762 3251 787 3294 et
804 3247 826 3306 ξ.
846 3248 868 3295 t.
944 3243 965 3306 ²)
984 3245 1073 3309 possis

119 3318 162 3365 ah'i
178 3317 252 3369 codd.
271 3322 296 3364 et
313 3316 371 3370 edd.
389 3313 463 3363 Schr.
482 3319 507 3362 et
525 3313 574 3362 Kr.
644 3312 665 3376 ³)
684 3313 773 3378 possis
789 3315 904 3378 plerique
922 3314 995 3366 codd.
1014 3314 1073 3364 edd.

119 3382 191 3432 Schr.
211 3389 237 3431 ei
253 3382 303 3431 Kr.
404 3379 425 3443 4)
447 3380 485 3443 Cf.
505 3380 536 3429 L.
558 3381 598 3434 12,
624 3379 648 3442 5.
668 3383 693 3434 3.
711 3381 747 3433 D.
766 3383 797 3431 de
814 3385 856 3430 rit.
876 3386 946 3444 nupt.
966 3379 1017 3442 (23,
1034 3379 1071 3442 3).

119 3447 138 3514 i)
148 3453 242 3514 partim
254 3470 287 3490 =
299 3449 352 3499 Gai.
368 3452 391 3514 1,
404 3451 444 3500 64.
