2500 3890
357 251 393 286 nn
410 250 638 289 nmmussosusus
656 236 708 301 ΙΙΙ,
727 239 761 288 20
777 235 841 303 (21).
1014 236 1073 300 137

37 381 38 398 ³
131 405 163 444 na
174 388 243 446 lorte
257 390 297 447 vel
312 407 399 464 poena
413 393 597 449 committatur
610 392 652 448 vel
665 393 773 467 praedia
786 393 986 463 distrahantur,
1005 409 1074 465 quae

130 474 231 546 pignori
241 474 301 530 data
312 484 398 545 eraut,
412 475 483 531 valet
495 475 643 549 stipulatio.
680 477 762 532 Versa
774 478 829 532 vice
841 478 887 550 qui
898 477 978 532 alium
988 475 1073 533 iaetu·
1091 485 1123 536 at

130 573 183 612 rum
198 559 334 630 promisit,
354 559 459 614 videtur
472 560 501 614 in
516 575 546 614 ea
559 574 618 616 esse
633 576 729 630 causa,
751 568 782 616 ut
797 577 850 617 uon
865 569 1003 630 teneatur,
1023 561 1073 616 uisi

129 656 235 713 poenam
254 643 313 716 ipse
330 644 492 715 promiserit.
533 634 616 699 ¹ltcm
635 660 714 700 nemo
735 660 791 699 rem
813 661 888 700 suam
909 644 1027 700 futuram
1046 645 1074 700 in
1091 653 1124 701 22

129 740 185 779 eum
199 741 305 798 casum,
322 742 376 798 quo
392 743 439 781 sua
454 724 500 796 fit,
516 726 619 783 utiliter
633 727 786 801 stipulatur.
823 727 851 784 Si
867 727 901 784 de
916 729 965 783 alia
981 744 1011 784 rc
1026 728 1073 783 sti·
1091 737 1124 786 23

36 849 37 852 ,
127 807 229 880 pulator
242 811 376 885 senserit,
395 811 428 865 de
443 807 493 867 alia
508 812 672 883 promissor,
694 810 805 884 perinde
819 811 893 867 nulla
907 812 1075 867 contrahitur

129 891 267 966 obligatio,
289 895 357 949 acsi
379 894 410 949 ad
426 895 621 968 interrogatum
636 911 797 969 responsum
812 911 866 950 uon
881 904 968 966 esset,
991 895 1074 951 veluti

35 991 36 998 ¹
127 977 147 1030 si
157 975 291 1032 hominem
303 977 424 1034 Stichum
440 985 491 1033 ate
508 977 651 1052 stipulatus
665 979 724 1050 quis
742 978 834 1048 luerit,
850 987 879 1034 tu
895 987 921 1033 tc
935 977 1073 1052 Pamphilo

127 1061 249 1129 senseris,
264 1077 342 1134 quem
354 1060 474 1117 Stichum
488 1064 578 1118 vocari
591 1062 745 1122 credideris.
769 1060 846 1128 Quod
860 1062 932 1135 turpi
948 1078 981 1116 ex
995 1077 1074 1117 causa
1091 1072 1123 1120 tt

125 1145 285 1215 promissum
306 1154 362 1214 est,
384 1144 467 1201 veluti
486 1147 509 1201 si
530 1146 589 1219 quis
609 1145 781 1202 homicidium
802 1145 845 1202 vel
859 1145 1030 1219 sacrilegium
1044 1161 1074 1201 sc

126 1225 254 1283 iacturum
268 1229 421 1301 promittat,
440 1245 494 1284 non
511 1229 589 1284 valet.

183 1310 250 1367 Cum
266 1313 326 1386 quis
341 1311 390 1368 sub
405 1312 492 1385 ailqua
507 1311 664 1368 condicione
675 1313 756 1369 luerit
767 1314 923 1387 stipulatus,
937 1312 1000 1369 licet
1011 1321 1074 1368 aute
1091 1324 1124 1372 25

125 1395 306 1451 condicionem
320 1396 477 1467 decesserit,
491 1404 586 1469 postea
598 1399 729 1452 existente
739 1397 907 1468 condicione,
922 1397 1000 1452 heres
1015 1398 1073 1452 eius

124 1493 199 1552 agere
214 1487 314 1552 potest.
341 1479 411 1536 idem
427 1487 470 1536 est
485 1488 512 1535 et
527 1496 541 1534 a
556 1481 727 1553 promissoris
738 1491 823 1554 parte.
854 1474 925 1547 ²Qui
940 1480 1072 1535 hocanno
1091 1491 1123 1538 26

124 1570 166 1617 aut
179 1564 233 1619 hoc
247 1579 340 1618 meuse
355 1563 412 1620 dari
426 1563 572 1637 stipulatus
587 1564 637 1634 sit,
657 1564 708 1619 nisi
724 1562 845 1619 omnibus
861 1562 981 1637 partibus
997 1579 1074 1636 prae·

124 1647 206 1703 teritis
221 1647 282 1703 anui
297 1646 339 1702 vel
354 1649 454 1704 mensis
468 1663 524 1702 nou
538 1655 611 1704 recte
625 1654 709 1720 petet.
744 1646 772 1703 Si
787 1647 898 1703 fundum
913 1647 970 1702 dari
985 1648 1072 1720 stlpu·
1091 1658 1123 1707 27

123 1728 182 1786 leris
203 1730 245 1786 vel
266 1730 414 1803 hominem,
435 1747 490 1787 nou
505 1732 608 1804 poteris
629 1733 757 1787 continuo
780 1747 875 1805 agere,
898 1732 949 1788 nisi
970 1737 1074 1787 tantum

123 1815 199 1888 spatii
212 1815 395 1888 praeterierit,
410 1832 464 1888 quo
480 1815 590 1871 traditio
605 1813 663 1870 fieri
677 1816 772 1889 possit.

492 2025 550 2067 mn.
563 2027 607 2066 xx
620 2027 702 2078 (xxi).

339 2099 345 2110 ”
409 2110 459 2160 Du
475 2110 782 2164 FlDElUSSORIBUS.

183 2225 254 2289 ³Pro
270 2248 319 2304 eo,
335 2233 381 2305 qui
396 2233 545 2306 promittit,
566 2232 655 2288 solent
670 2232 714 2288 alii
729 2231 851 2305 obligari,
872 2234 918 2305 qui
934 2230 1073 2288 fideiusso-
1086 2239 1121 2281 Pr·

120 2333 161 2372 res
177 2315 358 2390 appellantur,
373 2332 442 2390 quos
457 2316 579 2373 homines
594 2317 714 2390 accipere
729 2315 828 2386 solent,
844 2315 907 2371 dum
922 2325 1028 2387 curant,
1042 2325 1072 2372 ut

120 2399 276 2475 diligentius
296 2398 347 2454 sibi
368 2408 475 2456 cautum
495 2401 540 2459 sit.
576 2399 605 2455 ln
621 2399 743 2456 omuibus
759 2408 847 2456 autem
863 2399 1071 2472 obligationibus
1090 2395 1104 2443 1

120 2484 221 2540 adsumi
238 2492 363 2557 possunt,
379 2483 406 2539 id
421 2491 463 2539 est
478 2485 534 2539 sive
548 2499 578 2539 re
589 2485 644 2539 siue
659 2483 747 2540 verbis
758 2485 814 2540 sive
829 2483 926 2540 litteris
941 2487 998 2541 sive
1008 2500 1072 2541 con·

120 2583 200 2624 sensu
215 2575 369 2624 contractae
384 2566 492 2623 luerint.
529 2584 560 2623 ac
573 2584 607 2623 ue
622 2567 688 2622 illud
710 2568 816 2642 quidem
832 2569 959 2641 interest,
981 2576 1072 2624 utrum

119 2653 203 2708 civilis
218 2667 251 2706 an
267 2650 395 2707 naturalis
410 2653 445 2705 sit
461 2650 608 2725 obligatio,
629 2652 672 2708 cui
687 2652 817 2708 adiciatur
832 2651 989 2721 fideiussor,
1005 2652 1071 2708 adeo

119 2735 237 2809 quidem,
253 2742 283 2790 ut
297 2750 347 2807 pro
362 2750 440 2790 servo
452 2751 561 2807 qunque
573 2734 720 2809 obligetur,
736 2737 791 2791 sive
806 2743 948 2791 extraneus
963 2737 1009 2803 sit,
1025 2736 1072 2806 qui

118 2817 305 2875 fideiussorem
325 2834 339 2872 a
361 2834 438 2873 servo
454 2819 581 2890 accipiat,
602 2820 658 2873 sive
673 2819 730 2892 ipse
752 2819 875 2873 dominus
890 2819 916 2873 in
931 2818 973 2890 id,
999 2818 1071 2890 quod

118 2903 167 2959 sibi
182 2903 341 2958 naturaliter
352 2900 474 2957 debetur.
498 2900 652 2959 Fideiussor
666 2918 721 2957 nou
737 2908 839 2956 tantum
854 2902 911 2974 ipse
927 2899 1072 2974 obligatur,
1089 2913 1105 2961 2

117 2987 164 3043 sed
181 2987 261 3042 ctiam
276 2985 402 3040 heredem
417 2984 564 3058 obligatum
584 2986 720 3059 relinquit.
751 2983 905 3040 l'ideiussor
921 2993 948 3040 et
962 3000 1071 3057 praece·
1089 2997 1105 3046 3

118 3070 181 3126 dere
202 3069 392 3140 obligationem
413 3077 440 3124 et
459 3071 536 3142 sequi
557 3077 657 3142 potest.
689 3062 737 3125 ⁴¹Si
756 3066 847 3141 plures
862 3069 917 3123 siut
931 3067 1105 3128 fideiussot

117 3170 178 3226 res,
207 3159 344 3227 quotquot
365 3158 445 3206 erunt
466 3168 596 3225 numero,
625 3152 724 3226 singuli
746 3153 773 3207 in
795 3151 910 3208 solidum
933 3160 1069 3210 tenentur.

187 3364 205 3430 ¹)
224 3387 257 3408 ε
269 3367 302 3415 L.
315 3366 356 3416 et.
374 3367 406 3415 D.
425 3367 457 3416 de
474 3366 542 3416 verb.
560 3365 608 3416 obl.
626 3367 679 3429 (to,
699 3363 725 3428 1)
744 3381 778 3416 eac
795 3366 880 3416 Paulli
896 3369 912 3416 l.
931 3367 963 3416 75
979 3369 1016 3418 ad
1031 3370 1072 3419 ed.

119 3430 139 3497 ²)
156 3455 189 3475 =
206 3435 241 3484 L.
258 3435 300 3483 42.
319 3434 353 3484 D.
372 3435 428 3483 eod.
446 3449 481 3484 eac
497 3434 631 3497 Pomponii
647 3434 662 3481 l.
681 3435 713 3482 ΙΙ
731 3435 767 3484 cd
784 3433 843 3485 Sub.
910 3430 935 3499 ⁸)
952 3451 993 3498 pr.
1008 3434 1035 3498 ἐ.
1047 3438 1071 3491 1,

118 3521 151 3542 =
169 3501 225 3554 Gai.
243 3503 268 3563 3,
287 3502 344 3550 115.
366 3502 422 3552 117.
441 3502 489 3550 119
506 3508 563 3550 mul.
633 3496 656 3564 4)
674 3521 707 3542 =
727 3501 781 3552 Gai.
799 3503 823 3564 3,
844 3502 900 3551 121.
921 3503 968 3551 122
986 3511 1043 3553 mul.
