2492 3896
358 186 393 221 mr
411 185 565 221 nnnnrnos
583 185 778 221 rusurrunnors
796 171 832 233 ll,
853 173 892 221 14.
1062 170 1100 232 'll

144 325 261 383 heredes
281 326 369 383 locere
388 326 460 383 licet.
506 318 661 382 ¹llereditos
676 325 835 401 plerumque
849 325 975 382 dividitur
989 326 1017 382 in
1032 326 1099 383 duo·
1117 333 1136 382 ὅ

145 410 235 467 decim
258 412 366 482 uncias,
394 426 463 483 quoe
483 412 550 467 assis
577 409 754 482 appellatione
776 411 958 467 continentur.
1002 409 1103 466 habent

145 503 237 550 autem
253 502 280 549 et
294 495 344 550 hue
358 502 450 567 partes
464 495 572 568 proprio
590 494 695 548 nomina
717 493 748 548 ab
765 495 842 549 uncia
857 510 943 566 usque
958 493 990 549 od
1004 511 1101 568 essem,

146 587 177 634 ut
199 586 266 652 puta
286 577 365 634 hoec:
388 579 481 650 uncie,
504 569 642 645 sextans,²
664 575 812 649 quadrans,
833 579 931 649 triens,
957 579 1101 651 quincunx,

146 663 240 729 semis,
259 669 384 734 septunx,
399 660 455 731 bes,
472 660 605 732 dodrans,
620 658 747 731 dextans,
762 661 860 732 deunx,
875 677 913 717 ns.
942 677 997 717 non
1012 669 1101 718 autern

143 747 240 818 utique
256 744 396 802 duodecim
418 746 508 800 uncias
529 760 588 800 esse
609 751 726 816 oportet.
769 760 830 799 nour
845 752 887 799 tot
906 746 1001 801 unciae
1015 761 1101 802 essem

144 827 284 900 efficiunt,
307 837 377 901 quot
394 835 509 884 testator
528 828 657 898 voluerit,
681 827 750 884 etsi
771 844 853 883 unum
874 836 978 884 tautum
993 829 1053 901 quis
1069 845 1101 884 ex

144 913 258 969 semisse
279 912 354 968 verbi
375 914 459 985 gretie
479 912 604 968 heredem
624 912 775 984 scripserit,
799 919 873 966 totus
893 928 921 966 ns
942 914 969 966 in
990 913 1101 969 semisse

145 998 212 1052 erit:
231 1012 320 1070 neque
336 997 406 1052 enim
421 996 492 1051 idem
506 1011 539 1051 ex
553 1004 628 1069 perte
645 1003 757 1050 testatus
778 1002 805 1050 et
820 1011 851 1050 ex
866 1003 941 1067 parte
956 997 1100 1052 intestatus

143 1079 276 1136 decedere
290 1087 398 1152 potest,
413 1081 464 1134 nisi
479 1081 515 1135 sit
529 1078 621 1146 miles,
638 1079 713 1136 cuius
728 1077 784 1134 sola
795 1078 919 1134 voluntas
933 1081 962 1134 in
977 1077 1100 1135 testando

143 1171 296 1238 spectatur.
328 1170 356 1218 et
370 1179 384 1217 e
400 1164 535 1218 contrario
550 1170 641 1236 potest
656 1164 717 1235 quis
731 1164 757 1218 iu
770 1171 994 1236 quantoscumque
1009 1161 1100 1218 volue-

142 1249 179 1304 rit
200 1246 330 1321 plurimrs
351 1249 442 1304 uncias
464 1263 538 1303 suum
559 1246 731 1303 hereditatem
754 1246 879 1302 dividere.
910 1245 937 1302 Si
953 1246 1044 1318 plures
1058 1247 1133 1304 ind

144 1333 312 1401 stituontur,
334 1332 373 1386 ita
394 1331 500 1386 demum
523 1331 637 1403 portium
659 1328 812 1385 distributio
834 1331 985 1387 necessarie
1007 1338 1057 1402 est,
1078 1332 1102 1386 si

142 1414 216 1471 nolit
232 1421 347 1471 testator
367 1430 414 1471 eos
434 1430 466 1469 ex
488 1413 579 1486 aequis
595 1411 715 1486 portibus
729 1411 843 1468 heredes
857 1430 931 1469 esse:
951 1414 1015 1469 sotis
1030 1414 1100 1468 enirn

141 1505 269 1569 constet,
291 1496 372 1553 nullis
386 1496 506 1571 portibus
522 1498 678 1568 nominetis,
698 1497 790 1569 eequis
811 1495 976 1569 expertibus
991 1496 1100 1552 coshe-

145 1581 230 1639 redes
245 1597 314 1639 esse.
350 1579 471 1654 portibus
486 1588 574 1636 eutem
593 1582 621 1636 ln
637 1578 802 1652 quorundum
818 1581 941 1652 personis
957 1581 1100 1652 expressis,

142 1667 167 1722 si
184 1666 247 1738 quis
264 1664 332 1720 elius
353 1666 411 1720 sine
425 1673 502 1738 perte
517 1666 669 1720 nominatus
690 1665 755 1733 erit,
776 1664 799 1718 si
814 1664 920 1736 quidem
935 1663 1022 1736 ulique
1038 1680 1099 1737 pers

142 1751 201 1807 ossi
215 1747 310 1821 deerit,
326 1764 358 1805 ex
373 1765 404 1804 ea
418 1759 496 1822 porte
511 1748 589 1804 heres
601 1747 641 1818 lit,
657 1755 684 1803 et
699 1749 722 1802 si
735 1747 828 1820 plures
843 1749 900 1802 sine
915 1757 990 1821 purte
1006 1748 1099 1822 scripti

143 1840 223 1901 sunt,
239 1848 332 1888 omnes
346 1833 374 1887 in
389 1831 479 1888 endem
490 1839 567 1905 purte
578 1841 748 1888 concurrent.
776 1832 798 1886 si
813 1847 876 1887 vero
892 1838 966 1887 totus
982 1849 1011 1887 es
1026 1847 1099 1887 coru·

142 1917 238 1992 pletus
253 1918 305 1988 sit,
322 1917 349 1971 in
365 1923 467 1988 partem
482 1915 614 1971 dimidiam
629 1907 779 1972 vocentur⁸
794 1923 821 1970 et
836 1915 881 1970 ille
897 1914 936 1970 vel
952 1915 989 1970 illi
1005 1931 1098 1970 omues

142 2003 174 2057 in
190 1999 299 2055 alteram
314 1998 457 2054 dimidium.
486 2016 537 2056 uec
551 2001 673 2070 interest,
687 2000 790 2072 primus
801 2014 833 2053 uu
844 1999 945 2054 medius
961 2015 994 2053 un
1009 2000 1097 2053 novis-

142 2085 231 2140 simus
245 2083 303 2138 sine
322 2090 398 2157 parte
418 2083 535 2156 scriptus
554 2084 603 2138 sit:
626 2099 657 2138 eu
677 2083 747 2137 eninr
769 2097 830 2154 pars
845 2080 906 2136 data
920 2080 1098 2154 intellegitur,

144 2182 218 2241 quoe
233 2174 318 2222 vocet.
351 2165 508 2238 Videamus,
530 2168 554 2222 si
574 2182 636 2239 pers
658 2164 744 2237 ulique
758 2172 834 2219 vacet
853 2180 904 2219 nec
922 2171 1012 2220 temen
1028 2165 1131 2236 quis-‘l

144 2266 228 2325 quam
243 2251 301 2306 sinc
315 2257 393 2324 porte
407 2249 486 2306 heres
501 2250 640 2305 institutus
654 2249 705 2318 sit,
727 2247 790 2320 quid
810 2248 875 2303 iuris
891 2248 943 2304 sit?
971 2247 1053 2305 veluti
1075 2249 1098 2304 si

143 2342 202 2391 tres
217 2349 250 2389 ex
265 2335 367 2406 quartis
381 2333 500 2407 pertibus
516 2333 626 2389 heredes
641 2332 735 2405 scripti
755 2339 826 2392 sunt.
870 2339 898 2387 et
912 2340 1034 2406 constet,
1056 2349 1099 2388 ra·

145 2425 252 2476 cantem
264 2425 366 2490 partem
382 2417 496 2492 singulis
510 2418 588 2472 tacite
600 2433 649 2491 pro
667 2415 827 2472 hereditario
842 2423 918 2490 porte
932 2417 1059 2474 recedere
1073 2423 1101 2473 et

144 2502 258 2577 perinde
273 2499 374 2572 haberi,
389 2517 421 2558 oc
435 2502 458 2556 si
473 2517 506 2556 ex
520 2501 606 2556 tertiis
621 2499 741 2573 pertibus
756 2498 870 2555 heredes
884 2502 977 2576 scripti
991 2509 1098 2557 essent:

143 2593 176 2642 et
195 2601 227 2641 ex
241 2584 349 2640 diverso
369 2587 392 2640 si
412 2583 473 2657 plus
494 2599 554 2640 asse
574 2585 602 2639 in
616 2582 784 2658 portionibus
800 2586 835 2639 sit
843 2577 868 2655 ,⁴
889 2587 969 2641 tacite
985 2584 1099 2659 singulis

142 2669 319 2739 decrescere,
335 2676 381 2738 ut,
402 2669 424 2724 si
440 2667 513 2724 verbi
528 2669 613 2742 gretia
627 2675 756 2739 quattuor
771 2683 804 2724 ex
818 2668 904 2723 tertiis
919 2666 1038 2741 pertibus
1053 2667 1100 2722 he·

214 2895 308 2963 ¹)init.
327 2899 410 2948 =L.
428 2899 469 2948 50.
488 2897 511 2958 5
529 2898 553 2952 2.
571 2898 604 2951 D.
623 2897 726 2948 dedeo.
743 2898 801 2946 inst.
819 2892 1099 2960 (28,δ)οωΙΙΙρ.ῑ.6

141 2981 199 3031 rep.
285 2963 305 3028 ²)
323 2966 434 3015 nonnulli
450 2965 526 3014 codd.
549 2965 625 3028 infer.
652 2962 762 3027 Theopd.
784 2961 868 3012 uncia
890 2977 936 3012 om.
960 2963 1034 3012 codd.
1051 2968 1100 3012 oet.

142 3034 204 3098 Βία.
227 3034 286 3084 edd
309 3031 382 3082 Scir.
405 3039 431 3082 et
456 3031 506 3081 Kr.
531 3033 579 3081 sod
604 3045 707 3080 sexunx
732 3029 775 3080 vel
801 3032 912 3078 sextans
937 3028 972 3078 P·
999 3041 1099 3080 secunx

144 3104 257 3150 sextans
276 3099 308 3158 θ,
326 3099 369 3148 odo·
383 3101 457 3162 prior
474 3113 525 3148 oooe
542 3114 577 3149 ex
592 3097 643 3148 hec
661 3097 742 3146 uncio
758 3097 856 3147 videtur
874 3103 958 3146 enata.
1036 3093 1057 3158 ⁸)
1079 3095 1103 3145 Τ

145 3173 175 3217 et
189 3168 224 3229 cs.
250 3167 361 3230 theopo
382 3167 431 3217 sed
448 3172 509 3229 post
531 3170 635 3248 partem
656 3164 785 3214 oldetor'
778 3164 799 3212 ri
821 3164 962 3216 eaeddisre.
984 3168 1100 3214 vocetur

144 3234 221 3285 Atto
237 3234 278 3284 ed.
296 3233 347 3282 Kr
414 3230 435 3295 4)
452 3234 554 3296 scripoi.
573 3234 597 3282 si
614 3231 695 3297 plus
687 3245 752 3294 rup
766 3231 893 3281 sitAed.
907 3231 956 3280 Kr.
970 3245 994 3278 ει
985 3229 1100 3294 plures

145 3301 176 3350 in
199 3317 225 3366 p.
250 3301 287 3350 sit
310 3300 376 3381 (siut
397 3299 475 3354 Ted
501 3297 587 3377 Sedr3)
614 3298 667 3350 ΤΟ.
689 3313 772 3348 verum
794 3300 948 3349 demonstrat
973 3296 1099 3362 meopte..-

143 3359 290 3498 ἱᾶπερέβην
312 3362 364 3426 τὰς
387 3359 521 3418 duodenos
544 3355 671 3431 utpotae.
692 3365 726 3427 cs.
749 3363 783 3414 L.
810 3366 850 3420 18.
867 3366 900 3415 D.
918 3366 950 3415 de
967 3365 1022 3416 der.
1041 3367 1099 3420 inst.
