2472 3896
307 196 343 231 ma
361 197 424 233 ruas
442 196 587 246 nuruum,
605 197 726 235 ornarunt
742 199 775 233 aa
792 197 880 234 crvrnr
896 183 919 246 Ι,
937 186 961 239 2.
1091 179 1113 244 5

156 336 227 412 apud
250 336 366 394 Graecos
388 341 515 412 egregius
538 338 685 410 Homerus,
713 339 784 414 apud
810 354 860 397 nos
883 338 1026 414 Vergilius.
1069 339 1112 395 ins

155 429 244 477 autem
261 423 382 494 gentium
398 424 470 478 omni
485 422 601 481 humano
624 425 716 496 generi
732 439 872 480 commuue
887 431 938 480 est.
976 439 1037 478 nam
1060 440 1112 479 usu

156 506 281 578 exigente
296 513 323 562 et
343 506 465 562 lanmanls
488 505 691 564 necessitatibus
713 511 808 582 gentes
830 507 962 564 humanae
983 506 1113 580 quaedam

156 588 207 646 sibi
222 591 435 647 constituerunt:
458 589 528 646 bella
542 592 640 646 etenim
657 599 714 647 orta
728 599 794 647 sunt
808 600 835 647 et
855 592 1022 665 captivitates
1036 607 1113 646 seon·

155 682 198 729 tae
214 681 242 729 et
256 674 412 744 servitutes,
435 683 583 747 quaesunt
598 675 648 730 iuri
664 675 778 732 naturali
793 677 942 732 contrariae
958 673 1028 749 (lure
1043 675 1113 730 enim

156 758 273 814 naturali
295 756 328 814 ab
343 758 421 814 initio
437 773 530 814 omnes
546 759 668 815 homines
683 757 762 815 liberi
777 752 985 833 nascebantur);
1009 775 1041 814 ex
1062 758 1115 814 boe

155 841 214 897 inre
234 841 355 915 gentium
376 850 403 897 et
423 857 516 898 omnes
538 859 620 915 paene
642 849 798 899 contractus
819 842 965 899 introducti
988 849 1061 914 sunt,
1084 849 1115 897 ut

156 925 257 998 emptio
273 924 402 997 venditio,
424 924 524 982 locatio
539 926 694 997 conductio,
717 927 844 998 societas,
868 926 1032 999 depositum,
1055 941 1113 981 mu-

157 1016 233 1065 tnum
255 1016 282 1064 et
304 1008 347 1065 alii
369 1009 583 1070 innumerabiles.

222 1085 357 1149 ¹Gonstat
372 1101 461 1148 autem
479 1095 522 1149 ins
543 1102 667 1150 nostrum
690 1103 736 1150 aut
759 1110 791 1150 er
812 1095 913 1167 scripto
936 1101 983 1150 aut
1004 1109 1036 1149 er
1058 1108 1113 1148 non
1131 1102 1147 1150 3

156 1178 271 1251 scripto,
294 1184 324 1232 nt
345 1176 415 1250 apud
437 1175 568 1233 Graecos:
590 1173 650 1234 τῶν
672 1170 771 1252 νόμον
792 1169 894 1252 οἱμὲν
916 1170 1066 1254 ἔγγραφοι,
1087 1172 1118 1232 οἱ

157 1253 191 1316 δὲ
212 1253 353 1334 ἄγραφοι.
398 1258 534 1332 Scriptum
555 1262 599 1316 ius
622 1269 664 1316 est
684 1260 744 1333 lex,
766 1260 914 1336 plebiscita,
937 1268 1113 1318 senatuscon-

159 1343 240 1412 sulta,
262 1343 412 1415 principum
432 1342 539 1414 placita,
562 1344 769 1417 magistratuum
788 1344 881 1415 edicta,
904 1361 1035 1418 responsa
1049 1361 1114 1420 pru·

159 1427 289 1482 dentium.
328 1418 406 1480 ²Lex
428 1433 479 1497 est,
501 1425 574 1498 qnod
589 1427 705 1501 populus
719 1428 853 1484 liemarus
875 1419 1037 1486 senatorio³
1058 1443 1113 1484 ma·
1131 1429 1148 1478 4

159 1510 275 1584 gistratn
297 1509 493 1583 interrogante,
514 1509 599 1565 veluti
619 1510 741 1582 consule,
762 1509 953 1568 constituebat.
990 1509 1114 1586 plebisci-

158 1601 216 1649 tum
239 1599 290 1662 est,
313 1592 385 1666 quod
407 1591 484 1667 plebs
505 1591 610 1667 plebeio
633 1595 791 1668 magistratu
813 1596 1010 1670 interrogante,
1032 1594 1115 1650 veluti

158 1675 277 1748 tribuno,
300 1675 491 1733 constituebat.
528 1677 604 1750 plebs
626 1685 714 1734 antem
729 1695 743 1734 a
758 1679 861 1753 populo
883 1695 917 1736 eo
938 1677 1037 1750 differt,
1060 1695 1114 1754 qno

158 1762 262 1834 species
278 1777 293 1816 a
308 1776 423 1835 genere:
439 1776 499 1816 nam
514 1761 693 1835 appellatione
708 1763 801 1837 populi
813 1763 928 1819 universi
945 1764 1016 1819 cives
1031 1764 1113 1836 signi-

157 1843 287 1916 ficantur,
309 1845 509 1902 connumeratis
532 1847 610 1901 etiarn
633 1848 749 1920 patriciis
772 1855 799 1903 et
822 1846 1005 1904 senatoribus:
1028 1847 1115 1921 plebis

158 1937 248 1985 autem
269 1928 449 2003 appellatione
476 1929 533 1986 sine
554 1931 672 2005 patriciis
699 1938 727 1988 et
749 1932 918 1988 senatoribus
940 1932 1024 1988 ceteri
1045 1932 1115 1986 cives

158 2010 354 2086 significantur.
397 2011 445 2068 sed
473 2020 501 2068 et
529 2012 685 2087 plebiscita,
713 2013 774 2087 lege
796 2014 937 2073 Hortensia
958 2013 1026 2084 lata,
1059 2030 1114 2071 non

158 2098 247 2150 minus
263 2096 351 2152 valere
366 2112 445 2168 quam
459 2095 535 2170 leges
555 2105 713 2170 coeperunt.
752 2091 1047 2155 ⁴Senatusconsnltnm
1062 2105 1113 2163 est,
1132 2102 1147 2148 5

161 2178 235 2250 quod
249 2187 359 2236 senatus
374 2177 449 2234 iubet
463 2188 544 2253 atque
559 2182 709 2238 constituit.
747 2197 807 2237 nam
822 2197 882 2238 oum
899 2189 993 2238 anctus
1009 2189 1051 2236 est
1065 2197 1114 2255 po·

160 2260 242 2334 pnlns
263 2261 397 2318 Romanus
416 2263 444 2318 in
466 2279 527 2318 enm
542 2263 666 2336 modum,
688 2273 719 2321 ut
734 2264 842 2321 difficile
859 2266 896 2320 sit
913 2266 940 2320 in
955 2281 1038 2320 unum
1053 2281 1113 2320 eum

161 2347 302 2400 convocari
316 2346 384 2419 legis
400 2346 560 2403 sanciendae
579 2364 667 2414 causa,
690 2365 806 2423 aequum
826 2350 909 2405 vuum
931 2358 973 2408 est
993 2358 1114 2406 senatum

160 2429 218 2485 vice
231 2429 326 2501 populi
341 2430 455 2488 consuli.
482 2425 555 2487 ⁵Sed
570 2440 597 2488 et
612 2432 685 2505 quod
698 2434 812 2507 principi
825 2433 935 2506 placuit,
950 2433 1019 2508 legis
1035 2432 1116 2488 babet
1132 2435 1148 2484 6

159 2514 293 2585 vigorem,
315 2529 376 2569 cnm
390 2513 452 2587 lege
466 2516 552 2589 regia,
574 2531 643 2587 qnae
658 2516 691 2572 de
705 2517 817 2590 imperio
837 2519 895 2573 eius
916 2517 970 2573 lata
992 2524 1044 2593 est,
1067 2533 1115 2590 po·

159 2595 242 2670 pnlus
257 2597 281 2652 ei
296 2604 323 2652 et
337 2599 364 2651 in
386 2613 446 2653 enm
463 2614 542 2654 omne
556 2615 635 2655 snum
656 2601 798 2674 imperium
820 2608 848 2656 et
868 2608 1029 2674 potestatem
1052 2616 1116 2657 con·

161 2681 252 2737 cessit.
290 2679 478 2755 quodcumque
493 2683 578 2756 igitur
592 2685 739 2757 imperator
753 2700 802 2758 per
816 2683 959 2757 epistulam
974 2685 1116 2741 constituit

160 2763 202 2820 vel
217 2779 386 2836 cognoscens
401 2763 518 2822 decrevit
532 2766 574 2822 vel
590 2768 677 2825 edicto
693 2770 840 2841 praecepit,
861 2768 949 2842 legem
970 2783 1030 2823 esse
1052 2783 1116 2823 con·

160 2855 228 2903 stat:
256 2847 306 2904 hae
328 2855 409 2919 sunt,
436 2866 505 2922 qnae
532 2853 740 2908 constitutiones
763 2851 940 2926 appellantur.
984 2850 1062 2924 plane
1084 2867 1117 2906 ex

230 3039 250 3108 1)
268 3045 292 3106 5.
311 3047 335 3095 3.
354 3045 408 3095 icit.
420 3045 498 3096 =L.
521 3047 545 3096 6.
563 3048 587 3109 ς.
606 3050 628 3097 l.
647 3049 681 3098 D.
700 3050 732 3098 de
749 3049 827 3098 instit.
847 3045 881 3111 (l,
895 3045 923 3111 1)
940 3063 975 3098 ecc
994 3047 1051 3112 Uip.
1071 3049 1115 3100 tt

159 3112 239 3162 instit.
309 3109 332 3176 ²)
352 3112 391 3174 Of.
412 3112 467 3162 Gai.
487 3114 509 3174 l,
527 3115 550 3163 3.
619 3111 639 3178 ³)
657 3117 695 3165 sic
712 3117 787 3178 infer.
811 3116 886 3166 codd.
902 3122 928 3166 et
945 3117 1002 3166 edd.
1022 3130 1114 3166 omnes.

162 3183 286 3229 senatore
303 3194 388 3229 omnes
405 3181 479 3232 codd.
499 3187 546 3232 vet.
566 3188 593 3230 et
609 3184 650 3234 ed.
668 3183 718 3233 Kr.
737 3181 788 3233 τοῦ
806 3182 995 3248 συγκλητικοῦ
1014 3173 1116 3248 ἄρχον-

160 3261 209 3304 τος
225 3245 334 3310 Tdeoplt.
347 3245 483 3310 ambignum
496 3255 543 3298 eat.
560 3250 607 3297 aed
618 3250 757 3299 senatorio
769 3253 785 3302 ι’.
798 3266 821 3300 e.
835 3252 878 3316 qui
887 3251 988 3301 senatui
1001 3256 1115 3314 praeest,

161 3319 187 3363 et
203 3328 247 3362 rea
261 3314 362 3378 flagitat
379 3321 405 3364 et
422 3321 512 3366 contra
528 3316 638 3379 positum
655 3315 757 3380 plebeio
774 3319 943 3380 magistratu
1012 3314 1033 3378 ⁴)
1051 3317 1074 3378 ξ.
1092 3319 1117 3369 4.

160 3382 215 3432 init.
228 3401 261 3422 =
275 3380 330 3431 Gai.
346 3384 368 3442 1,
380 3382 404 3435 4.
473 3378 494 3446 ⁵)
510 3383 568 3446 fere
581 3403 614 3424 π
626 3385 658 3436 L.
678 3387 700 3435 1.
719 3385 752 3434 D.
772 3386 803 3435 de
821 3387 922 3436 constit.
939 3381 1024 3448 princ.
1043 3383 1077 3446 (1,
1089 3382 1116 3445 t)

161 3461 197 3497 em
216 3448 272 3512 Uip.
290 3451 305 3501 l.
326 3449 340 3498 1
358 3451 435 3504 instit.
