2500 3890
134 174 194 239 152
244 192 345 235 cornus
362 191 446 227 aroma
464 190 611 227 oanrcarro
630 175 836 237 rotumnam,
854 177 887 225 29
905 173 966 240 (30).

132 349 182 388 nec
197 340 285 388 tamen
296 334 419 402 interest,
436 333 496 405 quis
510 331 606 404 solvat,
622 339 712 386 utrum
723 332 792 404 ipse,
808 329 954 404 quilebet,
970 347 1003 385 au
1019 329 1085 385 alius

132 432 183 490 pro
198 433 245 472 eo:
266 415 393 472 liberatur
413 417 482 471 enim
504 425 532 471 et
551 415 603 471 alio
618 414 757 485 solvente,
779 416 834 472 sive
848 416 950 470 sciente
965 413 1087 470 debitore

132 501 187 555 sire
209 502 351 574 ignorante
372 499 415 555 vel
435 500 518 554 invito
540 499 641 555 solutio
662 497 718 557 fiat.
749 500 813 554 item
836 500 858 554 si
879 515 943 553 reus
965 497 1086 569 solverit,

133 584 212 640 etiam
227 584 262 652 ii,
285 585 331 655 qui
346 600 396 656 pro
412 599 444 638 eo
464 584 683 654 intervenerunt,
706 582 860 640 liberantur.
875 582 959 658 ,idem
974 597 1008 637 ex
1022 598 1088 637 con·

133 668 216 722 trario
229 667 372 740 contingit,
385 668 408 721 si
420 665 563 722 fideiussor
573 666 698 722 solverit:
710 683 764 722 non
776 666 846 721 euim
859 665 933 722 solus
948 668 1006 738 ipse
1020 665 1087 721 libe·

102 758 114 804 1
133 759 217 820 ratur,
234 749 282 805 sed
297 751 377 806 etiam
391 767 464 808 reus.
497 744 579 805 ¹ltem
594 767 643 824 per
654 750 883 824 acceptilationem
900 749 1004 805 tollitur
1019 748 1089 804 obli·

134 834 217 907 gatio.
249 841 291 890 est
310 842 398 889 autem
419 833 584 908 acceptilatio
610 835 764 907 imaginaria
780 834 891 889 solutio.
921 832 994 906 quod
1015 834 1088 888 enim

134 932 166 971 ex
187 916 329 973 verborum
351 918 518 991 obligatione
533 917 603 972 'litio
624 916 751 991 debetur,
774 916 800 973 id
822 918 845 972 si
865 915 928 972 velit
944 917 1029 972 Titius
1043 932 1089 972 re·

134 1001 257 1071 mittere,
273 1003 374 1074 poterit
390 1001 517 1072 stellari,
533 1009 564 1056 ut
579 1002 696 1073 patiatur
710 1002 775 1057 haec
789 999 867 1056 verba
883 998 1031 1056 debitorem
1047 1000 1088 1055 di·

135 1101 210 1140 cere:
237 1101 322 1148 ouon
344 1100 407 1142 nuo
430 1101 494 1141 r1n1
522 1100 665 1153 artuum,
692 1100 833 1142 nannsun
854 1084 1037 1142 accersunt?
1061 1092 1089 1140 et

135 1167 221 1224 'litius
236 1167 396 1241 respondeat
409 1184 528 1236 naeu03
543 1167 588 1224 sed
604 1178 631 1223 et
643 1168 742 1224 Graece
757 1178 850 1242 potest
864 1176 1002 1240 acceptum
1018 1165 1090 1238 fieri,

135 1251 279 1307 dummodo
294 1253 333 1307 sic
347 1249 409 1322 liat,
431 1261 461 1307 ut
475 1251 575 1307 Latinis
590 1251 677 1307 verbis
692 1252 775 1308 solet:
793 1246 866 1325 ἔχεις
880 1245 982 1328 λαβὼν
997 1245 1089 1325 δηνά-

136 1353 183 1410 ρια
199 1324 284 1408 τόσας
307 1329 361 1409 ἔχω
375 1329 486 1409 λαβών.
524 1352 577 1409 quo
593 1352 708 1410 genere,
730 1345 761 1392 ut
776 1336 907 1408 (linimus,
923 1344 1026 1391 tantum
1042 1352 1090 1390 eae

137 1418 316 1494 obligationes
331 1419 487 1490 solvuntur,
511 1436 580 1493 quae
595 1436 626 1475 ex
648 1418 733 1475 verbis
748 1420 917 1488 consistunt,
939 1436 993 1474 non
1008 1421 1090 1475 etiam

137 1513 256 1561 ceterae:
277 1512 486 1560 consentaneum
508 1505 577 1559 enim
592 1505 677 1558 visum
693 1513 750 1572 est,
772 1502 859 1558 verbis
874 1503 970 1559 iactam
986 1502 1091 1577 obliga·

137 1589 238 1643 tionem
259 1604 340 1660 posse
361 1588 418 1643 aliis
439 1586 525 1644 verbis
541 1587 660 1642 dissolri.
689 1587 735 1642 sed
751 1587 792 1658 id,
809 1586 881 1660 quod
896 1602 928 1642 ex
943 1586 993 1641 alia
1009 1603 1091 1642 causa

137 1670 265 1742 debetur,
279 1679 371 1743 potest
386 1671 414 1726 in
429 1670 628 1744 stipulationem
644 1670 738 1727 deduci
755 1679 780 1724 et
795 1686 844 1742 per
859 1669 1091 1743 acceptilationem

137 1753 256 1808 dissolvi.
286 1755 357 1808 sicut
376 1763 465 1808 autem
486 1753 557 1825 quod
572 1752 698 1823 debetur,
719 1770 769 1826 pro
785 1761 860 1825 parte
874 1762 948 1809 recte
963 1753 1092 1826 solvitur,

104 1842 119 1890 2
136 1838 174 1892 ita
184 1837 211 1890 iu
223 1844 325 1909 partem
345 1835 426 1891 debiti
442 1837 607 1908 acceptilatio
620 1835 677 1891 fieri
689 1845 790 1909 potest.
819 1835 866 1892 Est
881 1836 987 1909 prodita
1002 1838 1091 1909 stipu-

138 1919 213 1991 latio,
230 1935 297 1993 quae
311 1919 394 1993 vulgo
405 1919 544 1991 Aquiliana
558 1919 717 1993 appellatur,
732 1935 781 1993 per
795 1937 874 1994 quam
890 1921 1093 1993 stipulationem

138 2005 282 2078 contingit,
298 2012 330 2059 ut
344 2005 462 2059 omnium
477 2019 566 2058 rerum
582 2003 711 2076 obligatio
726 2005 753 2058 in
768 1998 989 2078 stipulationem²
1005 2004 1091 2060 dedu·

139 2095 215 2144 catur
230 2096 257 2142 et
272 2104 303 2143 ea
317 2105 366 2161 per
377 2087 605 2162 acceptilationem
622 2087 742 2143 tollatur.
772 2087 910 2161 stipulatio
926 2089 995 2143 enim
1008 2089 1092 2161 Aqui·

138 2171 205 2226 liaua
221 2181 301 2226 novat
317 2188 409 2227 omnes
425 2171 602 2245 obligationes
615 2180 641 2226 et
654 2189 668 2226 a
680 2170 753 2227 Gallo
768 2172 874 2245 Aquilio
889 2173 925 2226 ita
940 2173 1091 2245 composita

139 2263 196 2309 est:
221 2247 396 2326 Juurooum
416 2271 455 2311 ra
476 2271 547 2311 natm
566 2273 607 2311 nx
626 2271 793 2321 Quacunroe
814 2271 915 2312 causa
932 2271 1015 2312 naun
1037 2273 1091 2312 aa·

140 2353 218 2394 ouen
234 2353 387 2407 operarer,
403 2331 595 2396 ceonrne1r4
611 2333 867 2410 oeoernnnrvs‚⁵
883 2354 1040 2396 Pressuras
1056 2355 1090 2395 ru

138 2437 257 2477 mnuvs
280 2438 469 2486 ouanuuoun
491 2440 597 2481 annun
611 2440 680 2479 ruufl
703 2439 807 2480 recum
827 2438 921 2498 sunto
944 2439 1091 2488 uuanouu

139 2521 198 2562 aes
213 2522 253 2560 nn
267 2522 468 2564 Pnr1r1ovnn
482 2522 642 2564 anvuasus
658 2523 697 2563 rn
712 2522 906 2564 runsuuumo
922 2522 996 2577 nsr,
1016 2523 1090 2563 num

141 2604 289 2654 cuonone
312 2606 351 2647 ru
373 2606 461 2647 orsum
482 2605 598 2663 Hanno,
620 2607 733 2661 rauna,
755 2606 923 2660 rossanus,
945 2606 1090 2648 rossrnn-

208 2835 228 2898 ¹)
245 2836 302 2898 sere
319 2857 352 2877 =
372 2836 427 2886 Gai.
446 2839 474 2898 3,
493 2838 550 2887 tue.
575 2839 632 2886 170.
658 2839 705 2886 172
724 2845 749 2888 et
771 2838 804 2886 L.
823 2841 847 2888 8.
871 2838 894 2898 ξ.
911 2839 928 2886 4
941 2839 987 2900 lin.
1008 2837 1039 2886 D.
1059 2839 1091 2887 de

140 2906 256 2968 acceptil.
276 2903 331 2966 (46,
349 2903 376 2966 4)
395 2919 430 2952 eae
449 2903 506 2965 Uip.
531 2907 546 2952 Ι.
564 2906 596 2953 48
618 2905 656 2953 ad
671 2902 731 2954 Sub.
835 2902 859 2966 ²)
876 2906 913 2954 sic
929 2907 999 2954 multi
1015 2905 1090 2956 codd.

140 2971 297 3036 stipulatum
315 2986 350 3020 ece
368 2973 425 3019 alite
443 2972 500 3023 edd.
519 2969 591 3020 Salar.
610 2978 637 3019 et
652 2971 703 3021 Kr.
773 2967 793 3033 ³)
811 2972 846 3033 cs.
863 2972 894 3020 L.
915 2973 953 3021 18.
972 2972 994 3031 5.
1016 2974 1038 3020 1.
1058 2972 1088 3019 Il.

140 3041 172 3088 de
194 3040 309 3102 acceptil.
330 3035 385 3102 (46,
404 3035 440 3100 4).
542 3035 563 3101 ⁴)
582 3041 687 3101 oportet
709 3039 846 3101 oportebit
867 3040 941 3088 codd.
958 3039 1017 3101 atq.
1038 3031 1091 3102 χρή

143 3105 262 3168 Τήεορή,
281 3111 309 3153 ut
324 3112 384 3168 post
401 3105 448 3153 boc
466 3095 563 3169 χρήσει
581 3105 707 3154 excidisse
719 3106 842 3158 uideatur.
913 3105 933 3167 ⁵)
946 3107 1041 3169 seripet'
1057 3120 1091 3154 erc

143 3171 254 3235 Taeopa.
273 3160 292 3234 ἢ
310 3162 409 3235 ἐχρῆν,
433 3188 486 3220 cum
505 3171 619 3221 Graecae
641 3173 741 3234 liupuae
762 3173 931 3222 coniunctione
953 3175 1007 3222 eius
1022 3171 1092 3222 uerbi

141 3239 214 3286 decit.
237 3239 364 3301 uestipium
386 3241 439 3287 eiua
460 3240 528 3287 uocis
548 3244 664 3302 caperest
686 3241 712 3287 in
734 3237 754 3288 0
776 3241 820 3304 qui
839 3247 899 3302 poet
920 3238 1025 3288 diemve
1048 3239 1092 3300 (ibi

140 3301 243 3369 diesve)
262 3305 335 3354 babet
353 3304 487 3368 oportebit
504 3310 680 3369 oporteretve‚
700 3313 725 3356 et
741 3306 775 3368 ef.
792 3314 883 3370 postea
899 3307 1090 3370 possideresvc.

140 3378 321 3488 {flectatffw
345 3373 391 3422 ltoc
414 3374 450 3422 ad
470 3375 543 3422 utiles
565 3375 677 3424 actiones
700 3376 726 3422 ia
739 3388 887 3437 personam,
910 3376 975 3423 uelut
994 3374 1048 3424 Gai.
1065 3374 1089 3431 t,
