2492 3896
305 214 340 249 nr
357 213 628 250 rrnurcornrrsssarrs
646 213 859 251 mensuramus
876 199 913 263 11,
931 202 974 251 23.
1075 198 1117 264 95

162 353 323 428 Pegasiano,
339 353 411 426 qnod
427 364 522 428 postea
536 354 707 427 supervenit,
729 370 834 410 omnem
849 356 1035 410 auctoritatem
1050 354 1116 411 l're·

162 437 277 494 belliano
294 437 529 494 senatusconsulto
545 445 697 511 praestare,
720 446 749 493 ut
765 454 796 493 er
811 454 844 493 eo
859 435 1116 494 fideicommissariae

161 520 324 578 hereditates
338 522 534 594 restituantur,
555 524 610 576 sive
631 519 725 576 babeat
740 521 819 576 heres
834 537 866 577 ex
880 521 1019 577 voluntate
1033 530 1115 578 testa-

161 607 229 661 toris
245 615 365 678 quartam
382 607 438 661 sive
453 605 513 678 plus
529 606 584 660 sive
598 606 685 659 minus
701 605 756 659 sive
771 605 879 676 penitus
895 605 978 676 nihil,
994 613 1025 661 ut
1040 614 1115 676 tnnc,

160 689 267 761 quando
282 689 324 744 vel
341 688 407 744 nihil
422 688 463 744 vel
479 690 565 744 minus
587 695 681 761 quarta
703 686 773 760 apud
789 703 849 743 eum
864 695 1016 759 remaneat,
1037 688 1116 745 liceat

160 775 186 828 ei
200 772 241 828 vel
264 781 385 846 quartam
406 772 447 828 rel
468 771 540 846 quod
556 771 646 844 deest,
667 787 698 826 er
719 779 812 826 nostra
826 773 985 827 auctoritate
999 775 1116 830 retinere

161 855 202 912 vel
223 866 350 929 repetere
371 855 506 924 solutum;
535 857 610 928 quasi
638 871 671 911 ex
692 853 859 910 'lrebelliano
881 855 1115 912 senatusconsulto

158 957 209 1013 pro
225 949 284 995 rata
300 941 426 1011 portione
446 938 594 995 actionibus
616 947 670 995 tam
692 941 720 995 in
742 937 867 994 heredem
890 954 968 1010 quam
990 939 1018 994 in
1040 937 1114 996 fidei·

159 1023 373 1079 commissarium
385 1021 607 1096 competentibus.
627 1025 723 1079 sivero
735 1030 818 1077 totam
831 1021 1005 1077 hereditatem
1017 1030 1115 1095 sponte

158 1108 320 1178 restituerit,
336 1122 429 1161 omnes
445 1106 619 1162 hereditariae
632 1108 750 1162 actiones
765 1103 1010 1162 fideicommissario
1025 1114 1052 1162 et
1068 1106 1114 1161 ad·

159 1206 254 1246 versus
270 1206 331 1245 eum
347 1197 514 1263 competunt.
543 1189 590 1244 sed
606 1193 686 1246 etiam
703 1189 740 1261 id,
755 1188 828 1262 quod
843 1191 1014 1263 praecipuum
1030 1189 1114 1263 Pega-

158 1276 228 1330 siani
243 1273 470 1330 senatusconsulti
485 1273 587 1344 iuerat,
610 1283 654 1344 nt,
678 1272 783 1345 quando
798 1272 940 1329 recusabat
954 1273 1033 1329 heres
1048 1276 1114 1330 scri·

158 1367 224 1432 ptus
244 1356 296 1412 sibi
316 1357 402 1413 datam
417 1357 592 1413 hereditatem
608 1357 698 1427 adire,
718 1358 863 1412 necessitas
886 1359 909 1412 ei
930 1358 1114 1430 imponeretur

158 1450 247 1497 totam
261 1440 437 1496 hereditatem
448 1441 548 1496 volenti
562 1438 806 1496 fideicommissario
817 1441 961 1495 restituere
977 1448 1005 1495 et
1019 1457 1114 1497 omues

159 1525 193 1580 ad
209 1540 269 1580 eum
285 1533 313 1581 et
328 1533 422 1580 contra
437 1540 497 1580 eum
514 1517 677 1580 transirent¹
693 1524 825 1594 actiones,
841 1530 869 1578 et
884 1522 935 1578 hoc
950 1525 1115 1596 transposui·

159 1601 238 1664 mus²
261 1607 294 1663 ad
317 1607 578 1665 senatusconsultum
593 1606 805 1677 Trebellianum,
827 1615 857 1662 ut
879 1623 910 1661 er
932 1606 983 1662 hoc
1006 1606 1064 1662 solo
1088 1615 1115 1662 et

159 1693 307 1748 necessitas
323 1691 414 1748 heredi
428 1693 592 1765 imponatur,
607 1693 630 1747 si
645 1693 704 1764 ipso
717 1691 828 1747 nolente
841 1690 913 1745 adire
928 1687 1114 1747 fideicommis-

159 1778 247 1832 sarius
258 1775 392 1831 desiderat
409 1776 515 1831 restitui
532 1775 581 1830 sibi
597 1775 783 1846 hereditatem,
798 1774 873 1830 nullo
888 1789 939 1830 uec
953 1774 1048 1830 damno
1064 1791 1114 1830 nec

161 1859 302 1916 commodo
330 1859 399 1930 apud
427 1858 551 1914 heredem
580 1868 712 1915 manente.
756 1851 847 1914 iiiiii}
875 1867 964 1914 autem
991 1860 1147 1930 interestt

161 1953 252 1999 utrum
273 1942 369 2014 aliquis
390 1958 421 1998 ex
444 1958 503 1998 asse
524 1944 601 1998 ireres
622 1945 762 1999 institutus
778 1951 823 1999 aut
840 1951 923 1999 totam
938 1942 1113 1998 hereditatem

161 2036 207 2082 aut
222 2043 272 2100 pro
287 2033 364 2099 parte
380 2027 523 2082 restituere
538 2034 667 2100 rogatur,
688 2044 721 2083 an
741 2043 773 2081 ex
788 2034 863 2099 parte
878 2026 956 2080 heres
971 2027 1113 2080 institutus

160 2119 206 2166 ant
221 2103 329 2166 totam⁴
343 2118 445 2182 partem
465 2116 512 2164 aut
532 2113 616 2182 partis
631 2119 735 2182 partem
749 2110 893 2165 restituere
906 2117 1032 2179 rogatur:
1053 2124 1113 2163 nam

160 2204 187 2250 et
203 2194 255 2250 boc
270 2209 334 2250 casu
349 2193 439 2248 eadem
456 2191 592 2250 observari
607 2185 822 2267 praecepimus,⁵
843 2192 952 2265 quaein
968 2192 1051 2247 totitas
1067 2191 1114 2248 he·

160 2277 281 2334 reditatis
303 2277 476 2332 restitutione
495 2275 619 2333 diximus.
664 2276 690 2331 st
709 2277 768 2347 quis
783 2290 836 2330 una
850 2275 937 2348 aliqua
953 2291 982 2330 re
1001 2275 1147 2334 deductae

159 2363 216 2418 sive
230 2367 383 2434 praecepta,
399 2376 466 2432 quae
482 2370 600 2432 quartam
616 2361 751 2427 continet,
768 2359 849 2414 veluti
863 2358 948 2415 iundo
963 2359 1005 2415 vel
1020 2359 1068 2415 alia
1083 2376 1113 2416 re

159 2453 272 2518 rogatus
288 2445 323 2498 sit
338 2446 483 2500 restituere
497 2445 688 2515 hereditatem,
709 2444 788 2499 simili
802 2443 882 2498 modo
899 2459 931 2499 er
945 2442 1113 2500 Trebelliano

159 2527 398 2584 senatusconsulto
418 2528 554 2583 restitutio
576 2526 638 2600 liat,
660 2527 770 2600 perinde
789 2544 819 2583 ac
833 2528 856 2583 si
872 2537 965 2600 quarta
979 2536 1056 2601 parte
1072 2545 1114 2584 re·

159 2620 234 2669 tenta
248 2619 361 2685 rogatus
376 2619 449 2666 esset
462 2611 591 2684 reliquam
613 2611 787 2668 hereditatem
803 2612 956 2667 restituere.
986 2611 1033 2666 sed
1049 2612 1113 2667 illuri

157 2698 290 2766 interest,
309 2694 381 2766 quod
397 2695 481 2750 altero
497 2711 576 2765 casu,
597 2695 624 2750 id
640 2704 680 2750 est
701 2710 760 2751 cum
776 2694 888 2750 deducta
904 2695 959 2749 sive
973 2702 1113 2768 praccepta

158 2780 248 2852 aliqua
259 2795 289 2835 re
302 2779 453 2833 restituitur
463 2779 605 2848 hereditas,
620 2781 647 2834 in
662 2779 775 2834 solidum
787 2793 819 2833 ex
833 2794 865 2833 eo
879 2777 1114 2833 senatusconsulto

157 2865 279 2920 actiones
291 2861 490 2916 transferuntur
502 2869 529 2918 et
539 2879 592 2926 res,
609 2879 677 2934 quae
688 2868 806 2918 remanet
818 2860 886 2933 apud
902 2859 1037 2931 heredem,
1056 2861 1114 2915 sine

159 2947 218 3004 ullo
235 2961 316 3002 onere
331 2945 493 3001 hereditario
510 2947 578 3018 apud
594 2961 654 3001 eum
670 2953 769 3017 manet,
784 2945 860 3014 quasi
875 2959 907 2998 er
922 2943 1013 3015 legato
1029 2943 1052 2999 ei
1069 2943 1114 2998 ad·

156 3093 359 3106 ,-.---

228 3188 248 3257 ¹)
266 3193 366 3254 scripsi.
385 3189 569 3257 μετετίθεντο
591 3191 700 3256 Tbeoph
718 3190 836 3240 transire
855 3192 929 3244 codd.
948 3191 1007 3243 edd.
1092 3188 1113 3255 ²)

161 3259 274 3324 Theoph.
298 3261 398 3323 quidam
421 3261 494 3308 codd.
516 3260 593 3321 infer.
618 3260 819 3322 transponimus
847 3260 920 3311 codd.
944 3259 1036 3322 reliqui
1056 3260 1113 3307 edd.

158 3327 233 3378 Scir.
247 3327 335 3376 etKr.
404 3323 425 3387 ⁸)
442 3326 499 3388 sere
517 3347 550 3367 =
569 3326 624 3376 Gai.
643 3328 667 3387 2,
686 3327 743 3375 259.
810 3321 832 3387 ⁴)
851 3325 876 3374 B
897 3325 1006 3389 Theoph.
1028 3329 1114 3375 totam

157 3409 217 3445 eam
240 3409 294 3443 cunt
318 3393 380 3443 Gaio
403 3394 483 3442 ceteri
505 3395 579 3442 codd.
597 3394 655 3447 edd.
674 3392 746 3442 θοὴν.
765 3397 791 3442 ei
808 3392 858 3443 Kr.
944 3391 964 3454 Β)
983 3383 1113 3444 ἐκέλευσε

160 3461 272 3525 Theoph.
290 3459 470 3524 praecipimus
488 3461 562 3510 codd.
582 3461 638 3509 edd.
