2492 3896
297 208 331 242 nn
348 207 475 244 nououmt
491 208 713 245 rosenssoonrnns
731 196 781 258 III,
800 198 815 246 9
834 193 898 259 (to).
1017 193 1073 258 121

148 348 238 412 praetor
250 363 280 403 en
293 347 364 404 bono
380 355 407 404 et
421 364 507 420 aequo
519 346 647 404 dilatavit.
678 348 747 405 Sunt
761 358 850 405 autem
865 323 997 405 bonorum
1012 366 1074 423 pos·
1092 358 1108 407 3

31 495 32 510 ¹
121 440 123 445 ·
145 429 260 486 sessiones
273 447 304 487 ex
320 438 481 487 testamento
497 431 604 504 quidem
620 432 678 487 hae.
716 435 817 506 prima,
838 450 906 505 quae
921 435 1074 505 praeteritis

143 510 218 570 liberis
232 515 305 570 datur
319 523 485 587 vocaturque
500 523 592 570 contra
609 514 721 572 tabulas.
750 516 881 587 secunda,
897 533 974 590 quam
990 517 1074 572 omni-

142 593 182 651 bns
195 598 247 654 inre
266 600 372 672 scriptis
387 597 532 654 heredibus
552 608 663 672 praetor
677 598 820 672 pollicetur
834 601 949 673 ideoque
964 609 1075 656 vocatur

141 681 269 737 secundnm
289 682 402 738 tabulas.
439 689 467 737 et
487 698 547 738 oum
569 681 602 739 de
622 684 789 738 testamentis
810 685 884 757 prius
899 683 1006 740 locutus
1022 693 1074 754 est,

141 763 166 818 ad
178 764 313 822 intestatos
330 766 471 822 transitum
486 765 558 822 iecit.
597 773 624 821 et
638 765 725 838 primo
740 765 801 822 loco
818 767 874 822 suis
890 766 1031 823 heredibus
1047 776 1074 824 ct

139 847 185 919 his,
199 851 241 920 qni
256 866 289 905 ex
303 849 391 906 edicto
407 851 539 923 praetoris
553 851 609 904 suis
624 858 866 915 connumerantur,
882 853 928 906 dat
942 850 1074 906 bonorum

139 934 339 1004 possessionem,
369 949 436 1006 qnae
458 940 568 989 vocatur
590 931 661 989 unde
683 933 769 989 liberi.
806 933 924 989 secundo
946 933 1074 1007 legitimis

138 1014 278 1072 heredibus:
299 1017 381 1073 tertio
396 1016 488 1073 decem
502 1018 639 1090 personis,
661 1033 727 1090 quas
746 1024 873 1073 extraneo
888 1019 1074 1073 manumissent

135 1099 290 1170 praelerebat
312 1091 390 1178 (snut
411 1108 499 1156 autem
522 1100 611 1156 decem
633 1117 764 1174 personae
786 1101 848 1157 hae:
870 1110 955 1175 pater,
978 1108 1073 1171 mater,

135 1198 205 1254 arus,
220 1186 288 1252 avia,
305 1193 357 1238 tem
372 1185 477 1256 paterni
493 1200 571 1256 qnam
586 1187 710 1255 materni,
724 1185 788 1241 item
802 1183 883 1255 iilius,
900 1184 963 1255 filia,
978 1201 1074 1259 nepos,

133 1269 228 1340 neptis,
250 1276 302 1322 tam
318 1285 350 1323 er
366 1265 421 1322 filio
438 1284 516 1339 quam
532 1284 564 1323 er
579 1266 647 1338 lilia,
669 1268 766 1338 irater,
782 1285 875 1339 soror,
890 1270 945 1324 sive
961 1285 1073 1326 consan-

31 1377 32 1382 κ
132 1352 216 1423 guinei
226 1349 415 1428 siveuterini):
427 1358 524 1422 quarto
537 1355 660 1424 cognatis
674 1353 815 1424 proximis:
828 1355 922 1426 quinto
935 1346 1074 1424 tanquam¹

31 1493 32 1496 Ἴ
131 1450 161 1488 en
173 1434 280 1490 iamilia:
301 1443 378 1491 sexto
392 1444 507 1507 patrono
528 1443 555 1489 et
570 1445 698 1508 patronae
718 1433 863 1508 liberisque
879 1453 971 1491 eorum
987 1444 1015 1492 et
1029 1452 1075 1508 pa·

31 1543 32 1546 ¹
129 1512 272 1575 rentibusz²
294 1519 408 1592 septimo
431 1519 487 1574 viro
510 1526 537 1574 et
558 1518 649 1574 nnoriz
673 1526 766 1574 octavo
788 1521 909 1592 cognatis
932 1520 1074 1574 manumis-

128 1605 202 1660 soris.
238 1602 291 1658 Sed
319 1618 362 1658 eas
390 1601 497 1674 quidem
518 1602 651 1674 praetoria
679 1601 782 1658 induxit
802 1602 960 1660 iurisdictio.
996 1601 1108 1658 nobis4

128 1695 210 1742 tamen
226 1686 293 1742 nihil
307 1687 470 1741 incuriosum
486 1688 702 1759 praetermissum
718 1693 776 1758 est,
798 1686 844 1742 sed
859 1687 958 1743 nostris
974 1687 1073 1743 consti-

128 1769 272 1826 tutionibus
288 1771 376 1826 omnia
391 1771 578 1842 corrigentes,
593 1777 686 1826 contra
698 1768 800 1825 tabulas
816 1770 922 1842 quidem
938 1778 965 1826 et
980 1786 1075 1827 secuu-

128 1853 186 1909 dum
206 1854 308 1910 tabulas
324 1853 457 1909 bonorum
472 1855 658 1927 possessiones
673 1853 827 1909 admisimus
843 1863 937 1929 utpote
952 1871 1075 1910 necessa·

125 1939 175 1992 rias
197 1939 375 2008 constitutas,
405 1953 455 1992 nec
476 1952 531 1992 non
558 1937 591 1992 ab
613 1939 740 1993 intestato
763 1937 833 1995 unde
855 1937 932 1993 liberi
954 1947 981 1993 et
1003 1938 1073 1994 unde

126 2020 235 2094 legitimi
248 2020 382 2076 bonorum
393 2021 592 2093 possessiones.
622 2019 692 2087 Quae
705 2029 793 2076 autem
805 2023 830 2076 in
843 2022 975 2093 praetoris
984 2021 1072 2077 edicto
1091 2032 1109 2082 s

126 2107 215 2177 quinto
232 2105 294 2161 loco
307 2105 395 2178 posita
407 2103 504 2174 iuerat,
519 2104 547 2160 id
561 2111 603 2160 est
614 2104 683 2159 unde
696 2104 786 2160 decem
801 2121 940 2176 personae,
956 2120 1013 2159 eam
1028 2105 1073 2176 pio

125 2191 263 2262 proposito
287 2196 314 2244 et
336 2187 527 2260 compendioso
550 2204 674 2243 sermone
689 2203 878 2260 supervacuam
894 2187 1073 2244 ostendimus:

125 2289 183 2328 cum
197 2275 267 2329 enim
282 2271 401 2345 praelata
416 2272 548 2327 bonorum
564 2272 701 2344 possessio
714 2272 804 2326 decem
818 2287 947 2343 personas
962 2287 1075 2344 praepo·

124 2357 200 2413 nebat
228 2364 356 2412 extraneo
385 2356 587 2424 manumissori,
614 2363 706 2410 nostra
732 2346 919 2426 constitutin,³
942 2356 1076 2427 quamde

124 2441 332 2513 emancipatione
347 2437 493 2494 liberorum
508 2438 633 2507 lecimus,
651 2437 773 2494 omnibus
789 2439 943 2512 parentibus
959 2440 1074 2496 eisdem-

125 2539 174 2595 que
194 2521 433 2580 manumissoribus
454 2530 591 2578 contracto
611 2521 705 2578 fiducia
731 2525 965 2579 manumissionem
985 2524 1074 2580 iacere

124 2606 211 2678 dedit,
233 2615 264 2662 ut
278 2606 335 2679 ipsa
350 2607 520 2662 manumissio
540 2622 633 2662 eorum
648 2606 700 2662 huc
714 2607 741 2662 in
755 2623 784 2662 se
798 2607 893 2664 habeat
907 2608 1074 2681 privilegium

124 2699 149 2746 et
163 2707 327 2765 supervacua
343 2688 389 2746 fiat
403 2690 538 2763 praedicta
552 2689 683 2746 bonorum
698 2692 844 2764 possessio.
874 2690 976 2746 sublate
991 2693 1077 2763 igitur

123 2776 240 2844 praelata
261 2775 356 2847 quinta
376 2774 507 2831 bonorum
528 2775 714 2847 possessione,
733 2776 761 2830 in
776 2774 886 2847 gradum
903 2775 959 2828 eins
973 2782 1075 2829 sentum

124 2867 197 2915 antea
217 2859 353 2915 bonorum
374 2859 572 2931 possessionem
593 2857 745 2913 reduximus
766 2864 793 2912 ct
813 2857 932 2929 quintam
952 2857 1076 2929 lecimus,

189 3051 209 3118 ¹)
228 3060 287 3106 tum
310 3069 390 3118 quem
414 3062 454 3103 ter
480 3053 589 3117 Theopb.
612 3055 687 3104 codd.
711 3054 747 3113 (et
764 3055 804 3102 ed.
823 3052 884 3116 Kr.)
902 3055 949 3103 sed
964 3055 1076 3106 seeundo

125 3119 176 3170 loco
204 3123 232 3172 in
260 3124 374 3172 versione
400 3122 499 3172 Graeca
528 3113 632 3171 ὡσανεὶ
662 3112 693 3171 ἐκ
723 3117 871 3184 populius.
924 3125 990 3170 tunc
1019 3137 1075 3186 qua

126 3183 149 3232 Β
167 3203 220 3252 qua
242 3189 266 3237 Τ
280 3190 319 3238 bic
342 3195 366 3236 et
384 3185 407 3244 ἓ,
426 3190 450 3238 6.
472 3189 608 3250 inferiores
631 3189 705 3240 codd.
729 3189 860 3238 admodum
881 3188 943 3237 doec
964 3189 1072 3239 natium.

126 3247 199 3313 'isio
220 3258 295 3306 etiem
321 3255 445 3319 Theoph,
470 3271 520 3306 non
542 3258 680 3315 intellecta,
704 3263 731 3304 nt
752 3261 862 3318 apparet
885 3271 920 3304 em
936 3255 960 3315 ξ.
978 3257 1003 3304 6.
1017 3259 1073 3318 fin„

125 3317 170 3369 hoc
186 3322 244 3373 bon.
262 3325 433 3386 possessione,
452 3324 483 3372 de
501 3339 550 3387 quo
566 3324 615 3372 nid.
637 3323 693 3385 Hip.
712 3324 757 3383 28,
779 3325 802 3374 7.
841 3323 927 3376 Collut.
947 3324 987 3382 16,
1005 3324 1029 3385 9,
1049 3325 1071 3374 1.

126 3383 204 3450 ibique
228 3397 316 3440 notata
336 3392 363 3439 in
384 3391 487 3452 iurispr.
509 3390 625 3444 anteisset,
647 3405 672 3453 p.
691 3389 748 3442 518.
850 3388 870 3452 ³)
890 3390 922 3438 L.
947 3391 970 3445 6.
997 3390 1022 3442 O.
1042 3393 1075 3441 de

128 3458 245 3518 emancip.
263 3455 302 3519 (8,
321 3458 353 3508 68
371 3460 405 3507 ul.
425 3456 477 3513 69).
