2492 3896
166 165 208 230 60
374 181 411 218 na
427 179 607 218 rmnussms
625 181 795 218 camaracus
813 168 854 230 tt,
874 171 913 220 lo.

167 323 230 380 olim
245 322 354 396 quidem
369 321 424 378 dno
438 337 540 395 genera
550 329 776 378 *testamentorum
788 323 815 378 in
832 337 883 378 usu
898 322 994 392 inisse,
1008 337 1146 394 quanm

167 407 254 464 altero
274 408 302 462 in
325 421 391 478 pace
407 415 434 460 at
447 407 475 460 in
492 407 548 462 otio
563 405 723 476 utebantur,
745 405 818 480 quod
833 406 926 462 calatis
947 407 1069 462 comitiis
1087 424 1145 481 ap·

167 489 332 565 pellabatur,
348 489 451 559 aiteio,
467 505 527 545 oum
541 491 568 546 in
583 489 715 562 proelium
730 491 827 546 exituri
843 497 951 560 essent,
972 489 1051 562 quoti
1066 507 1142 564 pro·

167 576 284 631 cinctum
300 572 446 630 dicebatur.
481 575 593 630 accesmt
608 573 703 630 deinde
717 575 827 630 tertium
846 590 932 648 penus
950 582 1142 632 testamento-

144 708 147 713 .
167 673 238 727 ram,
254 657 326 729 quod
341 655 481 713 dicebatur
492 673 542 731 per
556 673 600 713 aes
616 665 643 712 et
657 656 763 728 libram,
778 658 882 714 scilieet
894 658 957 731 quia
971 673 1021 731 per
1037 673 1142 714 eman·

168 743 338 814 cipationsm,
353 741 438 798 idest
452 741 630 812 imaginariam
646 741 776 814 quandam
788 741 969 798 venditionem
985 741 1142 815 agebatur,

169 826 289 898 quinque
316 824 431 881 testibus
453 833 480 881 et
502 824 666 898 libripende,
698 824 799 881 civibus
821 825 945 881 Bouiania
967 824 1140 899 punitoribus,

168 908 354 983 praesertibus
376 918 404 967 et
426 926 475 980 eo,
502 911 548 981 qui
570 908 683 965 iamiiiae
706 918 811 983 emptor
833 908 981 970 dicebatur.
1009 909 1061 964 sed
1086 909 1138 966 iiia

168 993 274 1066 quidem
289 992 449 1067 prioraduo
464 1009 563 1066 genera
579 1001 801 1049 testamentorum
820 1009 854 1048 ex
868 993 1004 1048 veteribus
1016 1001 1135 1068 tempo·

167 1076 242 1134 ribus
263 1078 290 1132 in
310 1076 514 1135 desuetudinem
528 1076 665 1133 abierunt:
688 1079 761 1151 qnod
774 1092 838 1133 aero
858 1093 908 1150 per
928 1093 972 1132 aas
987 1084 1016 1132 et
1029 1077 1135 1134 iibram

168 1159 263 1231 fiebat,
284 1161 348 1216 iicet
367 1161 469 1216 diutius
489 1162 651 1233 permansit,
673 1169 788 1217 attamen
803 1161 899 1234 partim
921 1171 948 1217 et
962 1161 1016 1218 hoc
1030 1161 1061 1216 in
1077 1179 1134 1218 usu

134 1257 228 1304 tasse
249 1243 339 1302 desiit.
375 1243 428 1299 Sed
449 1241 583 1318 praedicta
598 1244 704 1317 quidem
724 1245 830 1300 uomina
852 1251 1081 1301 testamentorum
1096 1247 1133 1302 ad

166 1328 209 1384 ins
231 1327 308 1384 oiriie
329 1327 522 1384 referebantur.
559 1337 654 1403 postea
676 1343 739 1384 vero
760 1345 791 1386 en
811 1327 900 1384 edicto
920 1330 1054 1402 praetoris
1078 1329 1132 1386 aiia

168 1410 254 1468 iorma
276 1411 458 1468 faciendorum
481 1419 702 1470 testamentorum
722 1412 874 1468 introducta
895 1420 952 1468 est:
974 1413 1033 1468 iure
1055 1415 1131 1470 enim

168 1496 314 1554 honorario
330 1497 401 1552 nulia
417 1498 595 1571 emancipatio
611 1495 820 1566 desiderabatur,
836 1495 884 1552 sed
896 1503 999 1569 septem
1013 1499 1130 1553 testium

168 1581 246 1654 signa
260 1579 446 1654 sufficiebant,
466 1597 527 1638 cum
542 1583 601 1636 iure
615 1580 684 1635 cicili
699 1582 775 1652 signa
790 1581 901 1636 testium
916 1597 971 1636 non
986 1589 1065 1638 erant
1081 1598 1129 1637 ne·

135 1665 292 1726 aneesaaia.
327 1663 381 1720 Sed
403 1680 463 1738 oum
485 1664 612 1737 pauiatim
635 1672 688 1719 tam
710 1680 743 1719 ex
766 1679 817 1719 nsu
833 1663 974 1720 ‘bominum
996 1679 1080 1737 wana
1094 1682 1129 1722 ex

168 1747 394 1802 constitutionum
414 1745 644 1803 emendationibus
663 1749 752 1820 coepit
773 1747 801 1803 in
821 1763 901 1803 unam
923 1751 1128 1806 consonantiam

169 1829 212 1884 ias
221 1829 302 1886 ciniis
317 1837 344 1886 et
358 1832 525 1903 praetorium
540 1830 625 1904 iungi,
641 1832 818 1887 constitutum
833 1839 886 1903 est,
901 1839 932 1887 ut
947 1847 1001 1888 uno
1017 1832 1127 1889 eodem·

170 1925 222 1986 qne
244 1921 377 1988 tempore,
394 1914 472 1987 ¹quod
492 1916 536 1970 ius
550 1914 627 1970 eiviie
647 1915 843 1987 quodammode
859 1914 999 1990 exigebat,
1020 1925 1126 1990 septem

169 1997 284 2054 testibus
300 1995 425 2054 adhibitis
447 2007 474 2054 et
495 1997 695 2072 subscriptione
709 2001 835 2071 testium,
857 1998 933 2073 qnod
945 2015 977 2056 er
992 2003 1126 2057 constitu·

169 2081 288 2139 tionibus
302 2083 439 2138 inuentum
455 2093 509 2154 est,
532 2091 560 2138 et
574 2099 606 2138 ex
627 2082 714 2139 edicto
736 2085 869 2158 praetoris
888 2083 1026 2158 signacula
1043 2092 1125 2141 testa·

169 2168 265 2222 mentis
276 2169 496 2239 imponerentur:
520 2175 549 2222 nt
563 2167 617 2223 hoo
631 2169 673 2222 ius
690 2168 852 2240 tripertitum
868 2183 927 2223 essa
941 2167 1079 2240 videatur,
1096 2178 1125 2225 ut

169 2256 254 2306 testes
277 2251 385 2323 quidem
407 2258 550 2308 eteorum
573 2252 723 2323 praesentia
744 2267 798 2306 uno
822 2259 950 2307 contextu
970 2256 1125 2309 testamenti

169 2331 319 2388 celebrandi
336 2335 420 2407 gratia
434 2337 522 2391 aiure
537 2335 607 2390 citiii
621 2333 793 2404 descendant,
809 2334 1019 2409 subscriptiones
1035 2343 1124 2392 autem

170 2417 307 2472 testatoris
323 2426 351 2472 et
365 2419 474 2473 testium
495 2435 527 2474 ex
547 2433 682 2474 sacrarum
696 2419 922 2474 constitutionum
937 2417 1124 2476 observatione

170 2497 360 2570 adbibeautur,
385 2500 523 2574 signacula
544 2510 633 2558 antem
656 2509 684 2557 et
704 2517 832 2557 numerus
853 2504 962 2558 testium
983 2518 1015 2558 ex
1035 2502 1124 2560 edicto

135 2599 152 2647 4
169 2585 310 2658 praetoris.
340 2583 393 2640 Sed
415 2585 456 2639 his
478 2584 601 2641 omnibns
621 2601 653 2641 eu
675 2594 769 2641 nostra
784 2575 998 2642 constitutione*
1012 2596 1124 2660 propter

169 2676 391 2724 testamentorum
413 2669 611 2738 sinceritatem,
638 2677 668 2724 ut
690 2669 762 2724 nulia
784 2668 858 2724 iraus
880 2668 1050 2740 adhibeatur,
1071 2671 1123 2728 boc

168 2753 287 2809 additum
303 2760 354 2826 est,
371 2760 400 2807 ut
415 2768 464 2826 per
478 2768 585 2808 manum
600 2755 738 2808 testatoris
753 2753 796 2808 vei
812 2755 921 2809 testium
935 2769 1033 2809 nomen
1048 2754 1121 2810 bere·

168 2837 208 2893 dis
224 2838 388 2911 exprimatur
398 2845 426 2894 et
438 2839 525 2892 omnia
536 2837 682 2892 secundum
698 2836 770 2893 illius
786 2838 987 2892 constitutionis
1002 2844 1120 2893 tenorem

167 2921 324 2995 procedant.

136 3020 151 3068 5
232 3005 350 3060 Possunt
370 3013 459 3061 autem
480 3011 564 3060 testes
586 3019 679 3059 omnes
700 3010 727 3059 et
747 3019 800 3059 uno
816 3003 896 3061 anulo
912 3003 1021 3077 signare
1042 3011 1120 3059 testa·

169 3096 288 3144 mentum
312 3083 490 3163 (quid-enim,
508 3089 538 3142 si
557 3095 661 3160 septem
676 3085 749 3143 anuli
765 3104 817 3143 una
837 3088 976 3161 sculptura
997 3085 1119 3158 fuerimi)

169 3171 316 3228 meandum
331 3171 404 3243 quod
419 3171 568 3246 Pomponio
590 3172 676 3227 nisum
701 3178 752 3228 est.
796 3173 844 3227 sed
865 3179 892 3227 et
908 3170 994 3226 abieno
1017 3187 1119 3244 qnoque

136 3255 249 3317 canalo
271 3255 334 3312 iicet
357 3256 473 3328 signare.
511 3255 606 3312 Testes
629 3264 718 3311 autem
742 3254 860 3311 adhiberi
879 3263 995 3329 possunt
1014 3256 1043 3327 ii,
1063 3271 1118 3311 cum

239 3432 259 3497 ¹)
277 3434 310 3483 t.
330 3435 371 3483 29.
393 3434 420 3484 0.
439 3437 472 3485 de
489 3440 586 3488 testans.
605 3434 646 3499 (6,
665 3433 718 3498 23).
