2492 3896
126 179 168 245 86
441 193 476 228 nn
493 191 606 228 taenara
623 177 660 242 ΙΙ,
679 180 720 228 20.

127 337 166 393 dit
187 336 227 392 vel
247 333 351 390 decedit
370 335 429 388 vivo
452 340 597 402 testatore,
619 333 740 406 legatarii
762 331 837 388 lucro
859 331 900 388 vel
916 331 1011 386 damno
1028 339 1084 388 est.

126 419 223 493 quodsi
238 426 301 491 post
321 425 434 473 mortem
450 418 587 472 testatoris
609 425 669 471 ante
684 417 781 470 aditam
796 415 971 472 hereditatem
986 432 1084 471 servus

128 503 296 576 adquisierit,
320 500 436 556 lulianus
457 501 508 570 ait,
530 501 551 555 si
568 499 674 571 quidem
695 501 746 572 ipsi
768 501 930 555 manumisso
947 498 1083 570 peculium

127 587 244 658 legatum
256 584 347 651 luerit,
361 599 448 653 omne,
464 582 537 656 quod
547 593 608 638 ante
620 582 717 639 aditam
728 583 903 639 hereditatem
919 582 1084 654 adquisitum

128 679 185 740 est,
208 668 337 741 legatario
353 667 464 732 cedere,
486 668 546 740 quia
561 667 617 722 dies
633 668 713 722 huius
729 666 810 738 legati
825 665 856 722 ah
871 658 957 721 adita¹
977 665 1083 722 heredi-

126 762 182 808 tate
197 752 281 808 cedit:
303 751 350 807 sed
371 753 393 805 si
414 759 541 806 extraneo
562 751 697 823 peculium
717 750 835 824 legatum
850 749 947 818 inerit,
968 765 1023 804 non
1039 765 1085 804 ce-

86 839 88 842 ’
128 836 191 891 dere
205 851 235 892 ea
251 835 349 908 legata,
366 836 417 890 nisi
432 851 463 912 er
475 834 554 890 rebus
567 833 744 906 peculiaribus
756 842 861 889 auctum
874 826 987 888 luerit.²
1001 848 1085 905 pecu-

127 920 193 975 lium
208 927 296 976 autem
308 920 359 974 nisi
369 919 488 992 legatum
500 917 592 986 luerit,
607 919 769 972 manumisso
788 933 843 972 non
854 915 977 986 debetur,
990 932 1084 989 quam-

127 1005 167 1058 vis
182 1003 206 1058 si
221 1005 295 1058 vivus
310 1002 508 1070 manumiserit,
530 999 645 1070 scilicit,
667 1002 691 1056 si
707 1017 761 1055 non
776 1000 921 1054 adimatura
937 1001 1014 1054 etita
1030 998 1087 1054 divi

128 1086 243 1143 Severus
258 1093 286 1141 et
300 1087 451 1140 Antoninus
466 1086 673 1155 rescripserunt.
702 1083 782 1138 iidem
796 1075 1020 1156 rescripserunt,³
1035 1099 1084 1154 pe-

128 1171 199 1226 culio
222 1170 327 1241 legato,
355 1183 410 1222 non
432 1166 515 1222 videri
536 1167 563 1222 id
585 1166 722 1236 relictum,
753 1175 783 1221 ut
807 1169 964 1239 petitionem
987 1165 1085 1221 lrabeat

128 1254 269 1327 pecuniae,
284 1267 367 1324 ¹quam
381 1251 408 1304 in
423 1251 540 1305 rationes
556 1250 703 1306 dominicas
718 1250 858 1323 impendit.
889 1251 967 1306 iidem
983 1251 1085 1304 reseri-

129 1343 253 1410 pserunt,
268 1333 402 1408 peculium
413 1333 497 1389 videri
506 1333 635 1406 legatum,
652 1333 871 1390 cumrationibus
887 1333 999 1388 redditis
1015 1333 1087 1388 liber

81 1427 111 1475 21
130 1435 190 1475 esse
205 1421 295 1474 iussus
311 1425 394 1473 estet
415 1434 447 1474 ex
467 1435 498 1474 eo
514 1419 630 1490 reliquas
645 1418 755 1473 inferre.
800 1417 863 1471 Tam
878 1425 971 1473 autern
986 1433 1086 1489 corpo·

129 1503 198 1560 rales
220 1519 264 1558 res
286 1518 365 1575 quarn
387 1501 568 1574 incorporales
590 1501 673 1574 legari
696 1508 819 1573 possunt.
857 1509 884 1556 et
907 1493 989 1555 ideo⁴
1012 1500 1087 1572 quod

129 1587 256 1644 defuncto
272 1585 400 1654 debetur,
421 1592 514 1658 potest
527 1584 605 1640 alicui
619 1585 718 1657 legari,
741 1591 772 1638 ut
787 1585 906 1639 actiones
925 1599 986 1638 suas
1005 1583 1086 1638 heres

129 1670 258 1742 legatario
274 1677 407 1741 praestet,
430 1669 480 1724 nisi
496 1667 617 1738 exegerit
630 1667 703 1721 vivus
719 1674 835 1722 testator
849 1669 1005 1739 pecuuiam:
1022 1683 1087 1721 nam

129 1754 181 1809 hoc
202 1769 267 1809 casu
295 1751 413 1823 legatum
440 1751 615 1822 extinguitur.
660 1749 707 1804 sed
729 1759 756 1804 et
786 1750 837 1804 tale
859 1750 978 1822 legatum
1000 1749 1087 1804 valet:

129 1851 254 1893 Danuns
275 1849 354 1892 noro
375 1848 475 1888 nunus
496 1849 608 1890 nonaum
626 1848 730 1890 murus
751 1849 903 1891 marrones
925 1833 967 1889 vel
989 1848 1089 1890 mcum

81 1927 113 1975 22
130 1936 210 1976 nmen
229 1931 342 1976 nerano
361 1931 527 1974 uisendum.
565 1916 592 1971 Si
613 1917 775 1988 generaliter
795 1934 888 1972 servus
909 1917 951 1972 vel
971 1917 1019 1971 alia
1041 1932 1087 1970 res

81 2010 113 2059 23
131 2003 248 2077 legetur,
265 2001 360 2058 electio
376 2000 497 2073 legatarii
511 2009 563 2070 est,
578 2001 631 2055 nisi
647 1999 718 2055 aliud
735 2008 849 2055 testator
864 2000 970 2056 dixerit.
992 1999 1088 2072 Optio·

131 2089 172 2143 nis
188 2087 323 2159 legatum,
345 2083 372 2139 id
392 2092 434 2139 est
456 2083 499 2139 ubi
519 2091 634 2140 testator
655 2099 687 2139 eu
702 2085 786 2139 servis
801 2085 857 2138 suis
873 2083 915 2138 vel
930 2083 988 2138 aliis
1003 2081 1087 2138 rebus

131 2178 224 2243 optare
239 2168 399 2241 legatarium
414 2169 538 2234 iusserat,
554 2167 667 2223 habebat
681 2167 708 2222 in
724 2183 753 2222 se
768 2167 963 2238 condicionem,
982 2175 1009 2222 et
1022 2165 1085 2221 ideo

129 2255 181 2308 nisi
195 2255 252 2325 ipse
272 2252 418 2324 legatarius
435 2253 507 2306 vivus
529 2259 683 2325 optaverat,
707 2249 738 2305 ad
755 2250 881 2306 heredem
897 2250 1015 2324 legatum
1030 2265 1089 2304 non

129 2335 337 2390 transmittebat.
367 2334 415 2389 sed
425 2351 457 2390 ex
468 2337 661 2391 constitutione
673 2329 784 2390 nostra⁵
796 2343 823 2388 et
839 2334 891 2389 hoc
905 2335 932 2388 in
947 2332 1089 2388 meliorem

131 2426 230 2474 statum
252 2415 426 2473 reformatum
447 2425 488 2472 est
506 2428 533 2472 et
554 2418 614 2472 data
634 2426 676 2472 est
691 2417 799 2473 licentia
815 2425 842 2472 et
857 2417 948 2473 heredi
965 2416 1090 2490 legatarii

131 2510 241 2573 optare,
263 2501 325 2555 licet
347 2502 422 2554 vivus
443 2500 589 2572 legatarius
611 2501 663 2556 hoe
684 2516 738 2555 non
761 2500 834 2556 iecit.
865 2509 892 2556 et
913 2499 1091 2573 diligentiore

132 2592 248 2640 tractatu
263 2582 365 2653 habito,
380 2590 407 2638 et
421 2582 474 2638 hoc
488 2585 515 2640 iu
530 2593 620 2638 nostra
631 2584 825 2639 constitutione
841 2583 959 2639 additum
976 2593 1028 2652 est,
1044 2591 1089 2658 ut,

130 2669 185 2726 sive
200 2667 291 2740 plures
307 2665 428 2739 legatarii
443 2667 574 2737 existant,
596 2666 692 2738 quibus
708 2668 782 2740 optio
799 2667 892 2723 relicta
908 2674 966 2739 est,
988 2675 1015 2722 et
1034 2665 1091 2722 dis·

129 2753 247 2809 sentiant
261 2753 288 2807 in
303 2765 417 2822 corpore
432 2748 573 2822 eligendo,
594 2750 648 2804 sive
664 2751 742 2806 utrius
759 2751 882 2824 legatarii
899 2750 992 2824 plures
1007 2751 1090 2805 hero-

129 2836 187 2908 des,
202 2844 230 2892 et
244 2837 314 2891 inter
334 2849 364 2889 se
384 2834 454 2890 circa
469 2832 615 2906 optandum
630 2833 806 2906 dissentiant,
827 2833 880 2889 alio
897 2834 970 2890 aliud
987 2849 1091 2907 corpus

200 3095 219 3160 ¹)
240 3097 350 3160 Tdeopla
367 3102 393 3146 et
409 3098 524 3161 plerique
541 3096 616 3145 codd.
634 3095 668 3146 ab
687 3111 732 3146 om.
752 3096 776 3144 B
790 3096 877 3146 Wed.
892 3096 941 3145 Ka.
1012 3093 1033 3156 ²)
1052 3097 1092 3145 sic

131 3162 215 3214 BWb
237 3180 290 3213 cum
313 3165 440 3226 plerisque
465 3165 539 3213 codd.
558 3162 635 3223 infer.
658 3169 683 3212 et
703 3163 814 3226 Theoplt.
839 3163 973 3227 peculium
991 3164 1094 3212 addunt

132 3232 217 3280 EWr
234 3233 274 3281 ed.
294 3230 341 3279 Kr.
429 3229 450 3292 3)
469 3229 509 3292 Of.
528 3230 560 3278 L.
578 3231 601 3284 6,
621 3230 643 3290 5.
662 3232 685 3282 4.
710 3231 743 3281 D.
762 3232 793 3280 de
810 3233 890 3292 pecul.
909 3234 955 3294 lep.
976 3233 1035 3292 t33,
1053 3227 1092 3292 8).

131 3295 152 3358 ⁴)
176 3299 272 3348 addunt
293 3303 319 3346 et
341 3296 366 3346 B
390 3313 444 3346 cum
468 3297 613 3362 quidusdam
636 3297 726 3359 dasem,
750 3299 808 3346 edd.
831 3295 904 3346 Salar.
930 3305 954 3346 et
972 3297 1021 3346 Kr.
1043 3313 1093 3347 om.

134 3363 246 3493 (Τέλους.
269 3364 341 3414 EW
360 3370 387 3412 et
405 3366 522 3429 plerique
544 3364 621 3426 infer.
708 3363 729 3426 δ)
747 3365 779 3416 L.
797 3366 821 3414 3.
841 3364 868 3414 G.
887 3379 972 3414 corum.
990 3366 1022 3414 de
1042 3366 1093 3426 lep.

167 3467 174 3493 ‚
194 3433 210 3479 4
242 3467 248 3481 .
