2500 3890
138 171 198 236 168
452 187 486 222 ns
505 185 667 223 sorrosmus
683 171 730 234 IV,
749 175 773 222 6.

138 329 217 385 alicui
232 336 386 400 noceretur,
402 328 478 399 quasi
493 343 524 383 ex
539 325 669 383 maleficio
682 326 816 398 obligatus
830 324 1012 398 intellegitur:
1027 323 1089 381 ideo

138 421 227 468 autem
249 428 303 466 non
326 413 435 484 proprie
457 426 490 466 er
511 409 640 466 maleficio
664 409 796 482 obligatus
818 409 998 482 intellegitur,
1027 409 1090 480 quia

139 496 297 570 plerumque
313 495 347 550 ob
363 495 473 550 alterius
488 494 593 568 culpam
609 502 717 550 tenetur
730 502 776 550 aut
791 494 859 548 servi
874 500 920 548 aut
934 491 1022 549 liberi.
1046 493 1089 548 cui

138 579 231 635 similis
247 586 289 633 est
303 579 341 649 is,
358 580 404 650 qui
419 594 450 634 ea
463 586 555 650 parte,
571 595 624 650 qua
639 577 720 650 vulgo
736 578 787 633 iter
801 576 860 632 lieri
874 576 958 646 solet,
974 575 1001 630 id
1015 577 1088 647 posi·

140 671 195 717 tum
212 671 258 718 aut
272 677 432 734 suspensum
449 661 537 731 babet,
554 661 626 734 quod
643 669 742 732 potest,
758 661 781 716 si
795 660 932 730 ceciderit,
947 659 1024 716 alloni
1040 676 1089 715 no·

139 762 213 800 cere:
234 761 288 818 quo
310 761 372 802 casu
393 761 479 819 poena
500 745 590 800 decem
607 760 748 800 aureorum
764 745 910 800 constituta
925 751 976 798 est.
1007 742 1040 798 tle
1055 759 1088 798 eo

138 844 212 897 vero,
224 828 296 902 quotl
308 829 440 884 deiectum
452 827 598 883 ellusumve
610 835 662 899 est,
671 827 746 900 dupli
757 829 849 899 quanti
861 827 986 882 damnum
998 826 1089 882 datum

102 951 103 955 ,
139 913 191 981 sit,
213 914 360 968 constituta
381 921 422 967 est
442 914 522 968 actio.
560 911 594 966 ob
609 911 743 966 bominem
759 927 822 967 vero
842 910 954 966 liberum
970 911 1088 966 occisum

139 997 330 1069 quinquaginta
346 1011 488 1051 aureorum
502 1011 588 1068 poena
603 997 794 1051 constituitur:
811 995 912 1050 sivero
928 996 998 1049 vivet
1011 995 1088 1050 noci-

140 1089 251 1153 tumque
271 1082 295 1134 ei
316 1095 374 1134 esse
393 1079 511 1147 dicetur,
534 1087 661 1151 quantum
677 1078 783 1134 obeam
801 1095 856 1133 rem
878 1093 993 1150 aequum
1006 1077 1089 1133 iudici

138 1164 259 1233 videtur,
279 1164 348 1218 actio
369 1163 462 1218 datur:
483 1162 563 1217 iudex
584 1164 653 1218 enim
674 1170 830 1236 computare
851 1160 931 1216 debet
950 1160 1088 1217 mercedes

139 1247 248 1302 medicis
262 1247 404 1319 praestitas
423 1254 565 1318 ceteraque
579 1245 726 1318 impendia,
743 1262 809 1318 quae
824 1247 851 1300 in
866 1245 1004 1300 curatione
1018 1243 1088 1300 lacta

139 1338 213 1399 sunt,
224 1338 362 1403 praeterea
375 1345 527 1403 operarum,
546 1329 643 1402 quibus
655 1331 740 1385 caruit
750 1337 796 1384 aut
807 1329 940 1384 cariturus
952 1338 993 1383 est
1005 1327 1040 1383 ob
1051 1325 1088 1403 tt,

106 1423 121 1471 2
139 1413 211 1486 quod
226 1413 327 1469 inutilis
339 1415 437 1470 lactum
453 1420 504 1468 est.
532 1405 577 1468 ¹Si
589 1412 770 1468 filiuslamllias
785 1427 906 1468 seorsum
921 1429 936 1467 a
951 1421 1026 1485 patre
1041 1411 1087 1468 ha·

139 1496 263 1554 bitaverit
281 1498 384 1570 etquid
396 1514 429 1552 ex
440 1497 585 1554 coenaculo
603 1499 660 1552 eius
672 1497 803 1552 deiectum
816 1493 962 1551 effusumve
973 1497 1016 1564 sit,
1032 1496 1088 1550 sive

139 1581 202 1654 quid
221 1583 338 1655 positum
360 1597 552 1654 suspensumve
575 1579 711 1650 habuerit,
732 1581 808 1637 euius
827 1595 905 1634 casus
920 1579 1088 1652 periculosus

139 1673 195 1720 ost:
209 1664 311 1720 luliano
327 1664 437 1737 placuit,
452 1667 479 1721 in
495 1672 598 1737 patrem
613 1664 712 1719 nullam
728 1679 787 1718 esse
801 1664 949 1733 actionem,
965 1662 1012 1718 sed
1026 1679 1089 1718 cum

137 1749 197 1820 ipso
209 1746 264 1803 filio
276 1747 417 1819 agendum.
449 1746 520 1820 quod
532 1756 559 1802 et
576 1749 602 1801 in
619 1745 785 1802 filiofamilias
797 1747 883 1802 iudice
894 1745 1089 1802 observandum

105 1841 121 1890 3
139 1838 191 1902 est,
207 1832 252 1903 qui
267 1829 341 1886 litem
354 1846 429 1885 suam
440 1830 545 1886 lecerit.
572 1830 641 1886 idern
656 1831 789 1885 exercitur
803 1831 877 1884 naris
892 1838 937 1885 aut
951 1846 1090 1902 cauponae

138 1923 184 1969 aut
206 1913 304 1969 stabuli
324 1913 357 1969 do
377 1913 489 1984 darunt),
510 1905 592 1969 dolo²
609 1921 654 1968 aut
675 1913 764 1983 furto,
785 1912 858 1984 quod
878 1915 904 1967 in
920 1929 984 1968 nave
999 1915 1089 1970 autin

137 2013 259 2070 caupona
278 2005 324 2052 aut
345 1999 372 2052 in
389 1997 495 2052 stabulo
510 1996 610 2053 sactum
627 1997 694 2068 erit,
715 1998 791 2069 quasi
806 2013 838 2052 er
853 1994 985 2053 maleficio
1000 1999 1089 2052 teneri

136 2082 258 2152 videtur,
279 2083 302 2137 si
322 2081 402 2137 modo
422 2083 506 2154 ipsius
525 2080 628 2137 nullum
651 2090 693 2136 est
712 2077 887 2151 maleficium,
908 2079 954 2135 sed
977 2080 1089 2136 alieuius

137 2182 239 2236 eorum,
256 2182 369 2238 quorum
387 2181 467 2238 opera
484 2181 577 2220 navem
593 2174 638 2219 aut
650 2181 796 2238 cauponam
809 2171 854 2218 aut
865 2163 998 2218 stabulum
1013 2180 1089 2219 erer-

137 2258 224 2304 oeret:
247 2265 306 2304 oum
322 2249 392 2304 enirn
407 2265 495 2320 neque
510 2265 542 2304 er
557 2257 698 2305 contractu
718 2249 755 2303 sit
769 2247 897 2302 adversus
912 2263 972 2302 eum
988 2249 1089 2302 consti-

136 2340 194 2387 tuta
208 2332 274 2387 haec
289 2335 359 2388 actio
376 2339 404 2386 et
415 2332 583 2404 aliquatenus
595 2332 687 2406 culpae
702 2347 765 2387 reus
781 2340 832 2398 est,
849 2329 921 2403 quod
937 2346 1018 2404 opera
1033 2347 1089 2386 ma·

136 2415 224 2470 lorum
236 2415 373 2470 bominum
386 2423 516 2485 uteretur,
529 2414 590 2470 ideo
601 2417 675 2489 quasi
688 2432 719 2471 ex
735 2411 864 2470 maleficio
876 2417 962 2469 tenori
972 2414 1087 2471 videtur.

135 2500 163 2554 in
178 2499 219 2553 his
235 2506 323 2554 autem
335 2498 439 2554 casibus
451 2501 477 2552 in
490 2499 588 2554 lactum
601 2500 670 2554 actio
686 2499 824 2570 competit,
840 2513 907 2570 quae
921 2498 1014 2554 heredi
1029 2499 1086 2572 qui·

136 2581 196 2638 elem
211 2582 298 2653 datur,
314 2581 440 2637 adversus
455 2580 581 2638 heredem
596 2591 683 2638 autem
699 2599 753 2638 non
769 2583 906 2654 competit.

554 2793 611 2833 rm.
625 2793 665 2833 vu.

461 2879 510 2927 DE
529 2877 756 2929 AOT10NIBUS.

85 3022 120 3063 1³1.
198 3000 341 3072 Superest,
364 3010 394 3055 ut
414 3000 447 3056 de
468 2998 615 3055 actionibus
631 2999 781 3071 loquamur.
812 2991 901 3055 ³actio
916 3007 1004 3055 autem
1020 2999 1089 3056 nibil

135 3083 205 3140 aliud
221 3092 280 3155 est,
293 3095 376 3156 'quam
391 3085 432 3138 ius
447 3082 624 3157 persequendi
639 3083 753 3154 iudicio,
769 3083 842 3156 quod
856 3083 907 3139 sibi
921 3082 1043 3139 debetur.

134 3182 333 3191 -.-——

203 3229 221 3290 ¹)
240 3232 279 3292 §§.
301 3232 325 3280 2.
348 3233 363 3280 3
383 3231 441 3291 sere
458 3250 492 3270 =
509 3230 542 3279 L.
560 3231 583 3278 ὃ.
605 3229 645 3289 ἐξ.
663 3230 687 3283 5.
705 3230 729 3278 6.
750 3231 784 3278 D.
801 3234 843 3284 cit.
945 3227 965 3292 ²)
984 3231 1089 3293 scripsi.

135 3298 167 3346 de
186 3297 244 3347 dolo
263 3299 337 3347 codd.
356 3299 412 3352 edd.
431 3295 504 3346 Sclr.
525 3303 550 3346 et
566 3296 616 3346 Kr.
635 3295 667 3344 do
686 3295 783 3346 damno
801 3299 859 3360 Dlp.
877 3291 1017 3346 seducaei
1037 3290 1088 3346 ao'-

135 3365 184 3413 λον
197 3357 274 3422 τινὸς
287 3357 376 3427 ἤγουν
390 3359 551 3428 κλέψαντος
563 3356 675 3414 bunos&
688 3355 741 3426 ἐγώ
755 3363 866 3428 ζημίαν.
883 3363 995 3427 Tteopt.
1065 3361 1087 3428 ³)

132 3433 190 3494 fere
202 3452 234 3471 =
247 3431 279 3480 L.
299 3434 339 3480 st.
357 3431 389 3481 D.
407 3431 439 3480 de
457 3430 504 3480 obl.
524 3437 550 3480 et
566 3437 615 3479 aot.
634 3429 686 3494 (tt,
706 3434 732 3494 t)
751 3447 785 3480 ecc
804 3431 870 3480 Celsi
888 3434 903 3483 t.
922 3432 946 3480 3.
966 3433 1018 3495 dia.
