2500 3890
439 298 475 332 nn
493 297 623 334 mensuro
640 283 696 347 111,
713 285 745 332 26
764 281 828 348 (tt).
1050 283 1109 344 142

152 437 390 494 decommuoibus
406 440 462 494 suis
478 445 505 494 et
520 438 581 493 l'itii
596 440 713 512 negotiis
728 438 853 512 gerendis
868 437 916 495 tihi
931 438 1052 508 mundet,
1069 438 1109 494 vel

153 529 186 577 -ut
199 522 250 578 sihi
266 530 294 576 et
308 521 378 577 'litio
394 522 506 577 fundum
523 537 636 594 emeres,
652 522 694 576 vel
710 531 739 578 ut
753 539 803 595 pro
819 539 851 578 eo
868 532 894 578 et
909 522 980 578 'litio
995 522 1109 595 sponde·

152 619 209 664 ¹res.
238 606 294 660 'lue
310 615 337 661 et
353 605 455 676 aliena,
476 605 559 660 veluti
574 607 597 660 si
618 604 664 661 tibi
680 606 801 673 mandet,
825 615 855 662 ut
870 607 940 662 'litio
955 605 1005 662 sub
1020 607 1108 661 usuris
1127 613 1142 661 5

156 689 289 746 crederes.
320 689 417 762 quodsi
432 699 463 746 ut
478 691 535 745 sine
551 691 639 745 usuris
654 689 794 759 crederes,
809 689 892 746 alieno
906 698 1010 745 tentum
1025 691 1108 763 gretie

155 772 298 829 intercedit
316 772 478 828 mandatum.
515 772 571 827 Tuo
591 765 712 828 tentum¹
733 775 820 846 gretie
840 775 983 828 intervenit
1002 773 1108 829 menda·
1127 784 1142 830 6

156 865 230 928 tum,
245 856 330 912 veluti
344 858 367 911 si
383 854 430 912 tibi
446 856 569 928 mundet,
584 865 615 910 ut
629 857 756 929 pecunius
773 864 832 912 tues
845 857 936 930 potius
953 857 979 910 in
995 859 1108 930 emptio-

155 957 202 996 nes
217 940 390 1014 preediorum
400 938 528 1010 colloces,
544 957 623 1013 quem
634 939 751 1010 feneres,
766 940 807 995 vel
823 956 854 995 ex
870 941 974 995 diverso
990 949 1020 995 ut
1034 940 1109 996 leue-

154 1040 197 1079 xes
207 1025 315 1098 potius,
330 1040 409 1096 quem
424 1025 452 1078 in
467 1025 617 1096 emptiones
631 1023 800 1097 praediorum
815 1024 943 1080 colloces.
972 1025 1047 1079 cuius
1063 1041 1108 1097 ge·

155 1108 225 1163 neris
241 1107 393 1162 mandatum
409 1109 492 1181 magis
508 1108 649 1163 consilium
665 1114 705 1162 est
725 1124 803 1181 quem
824 1107 975 1163 mandatum
990 1116 1017 1162 et
1033 1106 1067 1163 ob
1082 1108 1108 1162 id

154 1208 207 1248 non
222 1201 265 1247 est
276 1190 475 1264 obligatorium,
491 1193 553 1263 quie
567 1207 646 1247 nemo
662 1208 694 1247 ex
706 1192 818 1248 consilio
830 1192 946 1247 mandeti
962 1190 1108 1265 obligetur,

154 1277 328 1331 etiamsinon
348 1274 471 1347 expediet
486 1277 526 1346 ei,
550 1277 593 1331 eui
608 1274 727 1344 debitur,
750 1293 811 1332 cum
832 1275 944 1331 liberum
961 1277 1057 1348 cuique
1072 1277 1108 1331 sit

153 1359 222 1433 epod
238 1375 268 1414 se
285 1359 441 1431 explorare,
462 1375 495 1413 an
510 1358 632 1432 expediet
647 1359 797 1414 consilium.
829 1353 940 1431 ²itaque
956 1361 978 1415 si
994 1361 1106 1414 otiosam

151 1444 291 1516 pecuniam
306 1441 378 1498 domi
395 1450 421 1497 te
436 1443 578 1499 habentem
591 1443 714 1498 hortatus
726 1442 808 1498 luerit
823 1441 928 1515 uliquis,
944 1451 1045 1498 utrem
1060 1443 1107 1498 eli·

155 1543 232 1599 quem
249 1541 353 1582 emeres
369 1526 410 1581 rel
425 1542 483 1581 eam
499 1519 653 1596 crederes,³
674 1527 791 1598 quamvis
806 1542 860 1580 non
875 1518 1044 1600 expedierit⁴
1060 1525 1107 1581 tibi

154 1625 209 1666 eam
225 1611 323 1666 emisse
337 1610 379 1666 vel
394 1609 549 1682 credidisse,
565 1626 619 1665 non
635 1617 723 1665 temen
739 1609 787 1664 tibi
803 1609 917 1665 mandeti
932 1616 1049 1668 tenetur.
1080 1617 1107 1664 et

154 1693 219 1750 odeo
235 1694 301 1749 hoec
315 1695 352 1748 ite
367 1701 445 1763 sunt,
462 1703 491 1750 ut
506 1695 655 1766 quaesitum
670 1695 721 1765 sit,
736 1709 768 1748 en
783 1693 898 1748 mandeti
912 1700 1046 1762 teneatur,
1060 1694 1107 1765 qui

151 1777 285 1832 mandevit
300 1776 358 1847 tibi,
374 1786 404 1832 ut
415 1777 486 1833 'litio
503 1779 641 1850 pecuniam
656 1777 807 1833 fenerares:
823 1776 870 1832 sed
886 1778 1003 1850 optinuit
1018 1775 1106 1832 Sebini

152 1862 300 1930 sententie,
325 1861 514 1934 obligatorium
530 1877 589 1916 esse
604 1863 632 1916 in
647 1862 699 1917 hoc
713 1878 776 1917 cnsu
791 1861 959 1932 mandatum,
975 1862 1036 1932 quie
1052 1878 1105 1916 non

154 1945 229 1999 aliter
244 1945 315 2000 l'itio
330 1945 504 2016 credidisses,
527 1962 606 2016 quarn
626 1947 648 2001 si
664 1945 713 2000 tibi
726 1944 879 2001 mandatum
896 1953 976 2002 esset.
1020 1939 1105 1999 5lllud
1123 1953 1136 2000 7

154 2043 261 2100 quoque
282 2027 435 2083 mandatum
456 2045 509 2083 non
531 2037 573 2084 est
592 2027 797 2102 obligatorium,
817 2027 890 2101 quod
911 2036 1004 2084 contre
1019 2027 1105 2083 honos

153 2129 240 2168 mores
256 2120 319 2182 est,
333 2112 416 2167 veluti
430 2114 453 2167 si
467 2113 553 2167 'lilius
568 2111 602 2166 de
617 2112 689 2168 furto
705 2122 751 2168 eut
765 2111 861 2167 damno
877 2110 995 2166 iaciendo
1010 2119 1058 2166 aut
1072 2110 1105 2166 de

152 2197 246 2251 iniuria
268 2195 387 2250 iacienda
409 2196 457 2251 tibi
478 2195 596 2270 mandet.
632 2195 693 2250 licet
714 2197 784 2250 enim
804 2210 916 2269 poenam
937 2194 1017 2249 istius
1041 2193 1104 2250 facti

152 2282 261 2335 nomine
281 2281 463 2352 praestiteris,
482 2296 538 2334 non
561 2287 649 2334 temen
669 2279 747 2334 uilem
768 2278 849 2334 hebes
864 2279 990 2334 adversus
1005 2277 1104 2334 'litium

153 2365 292 2420 actionem.

236 2440 296 2517 lis,
318 2447 364 2519 qui
378 2448 535 2518 exsequitur
549 2446 714 2517 mandatum,
731 2462 786 2501 non
801 2446 880 2502 debet
895 2445 1022 2503 excedere
1037 2444 1103 2503 fines
1122 2447 1137 2494 8

151 2531 277 2603 mandeti.
309 2539 339 2584 ut
353 2546 416 2586 ecee
436 2533 459 2584 si
478 2531 539 2602 quis
560 2547 645 2603 usque
661 2531 692 2586 od
708 2539 815 2586 eentum
831 2547 927 2587 eureos
942 2531 1105 2586 mandaverit

151 2614 209 2684 ubi,
224 2624 256 2669 ut
270 2613 382 2668 fundum
398 2630 500 2669 emeres
515 2613 557 2669 vel
572 2623 603 2668 ut
617 2630 666 2687 pro
681 2613 751 2670 'litio
767 2613 926 2687 sponderes‚
941 2631 1029 2687 neque
1043 2615 1103 2687 plu-

153 2701 190 2754 ris
205 2713 296 2753 emere
311 2696 392 2752 debes
403 2713 491 2769 neque
502 2699 529 2752 in
541 2697 694 2770 ampliorem
709 2700 847 2771 pecuniam
862 2697 1022 2764 fideiubere;
1038 2697 1104 2752 alio·

151 2785 215 2856 quin
230 2797 286 2837 non
301 2779 410 2837 hebebis
425 2797 487 2837 cum
501 2797 534 2837 eo
550 2781 666 2836 mandeti
681 2784 825 2837 actionem:
846 2781 912 2836 odeo
928 2780 1051 2854 quidem,
1074 2790 1105 2835 ut

151 2864 251 2922 Sdbino
266 2871 303 2920 et
317 2863 407 2920 (lessio
425 2863 574 2938 placuerit,
597 2867 675 2920 etiem
695 2866 719 2920 si
738 2881 824 2936 usque
838 2864 872 2919 ed
886 2873 1103 2920 centumeureos

150 2964 211 3005 cum
234 2965 267 3004 eo
290 2949 475 3022 agecenciis,
498 2949 627 3004 inutiliter
652 2957 676 3004 te
692 2957 822 3004 acturum.
861 2947 980 3003 diversae
994 2946 1103 3003 scholae

150 3095 193 3104 ›—

217 3210 238 3273 ¹)
256 3215 362 3262 tentum
378 3213 447 3261 multi
468 3214 541 3264 codd.
564 3211 639 3272 inser.
661 3211 771 3275 Tdeopd.
793 3213 826 3274 cf.
849 3227 889 3276 pr.
908 3214 946 3262 tit.
965 3227 1010 3262 om.
1027 3214 1101 3262 codd.

150 3286 197 3330 oet.
216 3281 274 3333 edd.
293 3277 365 3328 Scor.
383 3286 408 3328 et
425 3278 473 3332 Kr.
494 3282 583 3328 autern
599 3279 657 3342 Dip.
758 3275 780 3340 ²)
798 3299 831 3319 ε
850 3278 906 3329 Gai.
925 3280 955 3343 3,
976 3279 1023 3328 156
1041 3287 1100 3328 mut.

149 3345 171 3407 Ι)
182 3349 305 3411 plerique
322 3347 396 3396 codd.
413 3347 489 3405 infer.
512 3346 623 3409 Tdeopd.
643 3344 734 3394 credes
751 3347 826 3396 codd.
839 3353 891 3397 ⁴oet.
909 3348 950 3396 ed.
962 3345 1012 3395 Kc.
1080 3345 1101 3409 ⁴)

152 3414 206 3468 Oai.
222 3413 339 3476 ⁴d'ltcoplt.
359 3413 482 3477 expediet
500 3415 573 3464 codd.
592 3419 640 3462 vet.
658 3413 697 3461 cd.
715 3411 765 3462 Kr.
790 3412 915 3476 expediet
932 3415 1006 3464 codd.
1025 3414 1102 3476 inser.

149 3483 190 3532 ed.
205 3481 283 3533 Sede.
362 3479 545 3544 ⁵)=Gat.3‚
564 3481 611 3529 157
631 3487 688 3528 mut.
772 3477 791 3542 ⁶)
810 3501 842 3521 =
862 3481 916 3530 Goi.
935 3483 960 3545 3,
979 3482 1102 3532 nosmet.

148 3550 183 3612 cs.
201 3550 234 3599 L.
251 3550 276 3598 t.
296 3548 328 3600 D.
345 3549 428 3596 mand.
449 3547 500 3610 (tt,
518 3547 544 3609 1)
563 3562 598 3596 ece
617 3547 674 3596 Gaii
690 3549 706 3595 l.
725 3549 740 3596 2
757 3562 809 3599 rer.
828 3553 895 3611 quot.

898 3627 950 3680 10*
