2492 3896
309 173 344 206 nn
361 171 563 209 nnsmnnnnontn
582 174 755 211 nrarnnonuar
771 161 821 224 111,
840 163 856 212 8
874 159 920 225 (9).
1033 157 1094 222 119

145 328 217 368 sores
239 311 402 368 detinebant.
439 321 534 386 postea
554 329 617 368 vero
633 314 868 371 senatusconsulto
883 314 1014 388 Largiano
1030 331 1093 370 cau-

37 451 38 456 ,
145 403 197 452 tum
212 396 314 464 tuerat,
331 404 360 452 ut
376 395 452 452 liberi
467 399 683 469 manumissoris,
699 415 753 453 non
768 398 923 454 nominatim
939 398 1091 454 exheredati

37 543 38 548 ἵ
144 479 217 551 lacti,
241 482 374 536 extraneis
396 479 540 536 heredibus
563 496 656 536 eorum
672 481 699 536 in
714 481 792 537 bouis
807 481 964 538 Latinorum
979 497 1090 556 praepo·

144 571 279 620 narentur.
317 563 412 637 quibus
428 565 582 637 supervenit
597 566 676 620 etiam
692 564 743 620 divi
758 564 861 621 Traiani
876 566 1002 636 edictum,
1018 565 1090 636 quod

141 647 254 702 eundem
268 648 414 718 hominem,
429 649 452 703 si
468 647 552 703 invito
567 648 608 703 vel
623 649 764 720 ignorante
780 658 893 721 patrono
909 649 941 703 ad
956 651 1091 705 civitatem

142 733 229 786 venire
245 747 277 786 111
289 729 418 788 beneficio
434 732 561 804 principis
576 730 727 800 festinavit,
750 731 862 788 iaciebat
882 734 967 787 vivum
984 733 1090 805 quidem

140 815 221 870 civem
236 813 392 885 Romanum,
407 814 529 870 Latinum
545 825 632 871 autem
652 817 818 871 morientem.
856 815 903 870 sed
918 825 1012 870 nostra
1026 833 1090 872 con-

140 893 297 954 stitutione¹
316 907 430 972 propter
443 898 596 954 huiusmodi
612 899 797 955 condicionum
812 899 883 954 vices
899 907 927 954 et
942 899 1005 954 alias
1022 899 1091 954 dilli-

140 981 255 1038 cultates
274 998 335 1037 cnm
355 981 420 1055 ipsis
435 982 536 1038 Latinis
555 985 632 1038 etiam
653 982 740 1055 legem
760 981 861 1037 luniam
877 991 904 1038 et
918 990 1092 1038 senatuscon-

139 1065 240 1121 sultum
255 1065 413 1140 Largianum
428 1074 456 1122 11
473 1066 587 1122 edictum
602 1066 654 1121 divi
669 1066 772 1122 Traiani
793 1067 819 1121 in
835 1074 993 1138 perpetuum
1009 1065 1091 1122 deleri

138 1151 309 1219 censuimus,
331 1148 819 1206 11111111111111111111111111111111111
840 1149 979 1220 fruantur,
1001 1157 1028 1204 et
1044 1151 1093 1205 ml-

139 1231 213 1288 rabili
230 1232 312 1288 modo
324 1231 480 1304 quibusdam
496 1233 688 1289 adiectionibus
704 1234 773 1306 ipsas
788 1235 854 1302 vias,
869 1250 937 1307 quae
952 1231 1092 1289 1111111111-

138 1323 221 1372 tatem
249 1315 398 1390 ducebant,
430 1317 463 1372 ad
491 1317 625 1374 civitatem
651 1316 795 1373 Romanam
823 1317 975 1390 capiendam
1004 1327 1091 1374 trans-

138 1416 289 1473 posuimus.

515 1578 572 1620 utu.
585 1578 645 1618 vm
657 1578 715 1626 (IX).

315 1679 364 1729 DE
381 1678 649 1732 ADSIGNATIONE
667 1678 915 1734 LIBERTORUM.

198 1820 230 1876 ln
245 1835 363 1888 summa,
386 1819 460 1891 qood
477 1818 509 1874 ad
530 1818 598 1875 bona
618 1818 793 1889 libertorum,
814 1817 971 1875 admonendi
987 1835 1090 1890 sumus,
1104 1837 1139 1879 nr.

138 1913 263 1960 senatum
280 1904 429 1972 censuisse,
453 1911 483 1958 ut
497 1905 616 1976 quamvls
631 1903 664 1958 ad
680 1919 773 1958 omnes
788 1904 893 1974 patroni
909 1902 1024 1969 liberos,
1045 1904 1091 1975 qui

138 1988 260 2043 eiusdem
282 1985 381 2060 gradus
403 1988 473 2055 sint,
497 1986 643 2060 aequaliter
664 1987 733 2042 bona
754 1985 912 2041 libertorum
927 1987 1089 2058 pertineant,

139 2079 227 2128 11111111
249 2062 362 2127 11111112
382 2071 487 2142 parenti
510 2072 555 2125 oni
576 2086 609 2126 ex
622 2070 721 2125 liberis
741 2069 880 2141 adsignare
895 2068 1038 2140 libertum,
1060 2077 1091 2124 ut

138 2165 201 2227 post
217 2162 331 2210 mortem
352 2154 409 2209 eius
429 2152 504 2208 solus
524 2156 547 2208 is
561 2161 691 2226 patronus
706 2151 851 2221 habeatur,
873 2153 918 2225 qui
933 2152 1089 2224 adsignatus

138 2249 188 2316 est,
204 2249 232 2294 et
247 2238 330 2293 ceteri
345 2235 440 2307 liberi,
457 2239 503 2309 qui
523 2238 574 2310 ipsi
589 2252 697 2310 qnoque
712 2236 745 2291 ad
760 2235 850 2290 eadem
863 2235 940 2306 bona,
957 2235 1030 2291 nulla
1045 2236 1090 2291 ad·

139 2324 293 2397 signatione
308 2321 515 2383 interveniente,
538 2320 638 2393 pariter
658 2320 877 2392 admitterentur,
899 2320 965 2375 nihil
981 2320 1047 2375 iuris
1061 2320 1090 2376 in

138 2405 178 2462 bis
193 2405 273 2462 bonis
288 2402 413 2460 habeant.
443 2403 542 2459 sedita
562 2404 667 2460 demum
683 2405 824 2477 pristinum
839 2405 880 2459 ius
896 2405 1045 2478 recipiunt,
1066 2406 1089 2461 si

139 2490 174 2562 is,
196 2492 240 2545 cul
262 2487 416 2561 adsignatus
435 2496 492 2559 cst,
514 2488 676 2558 decesserit,
697 2486 778 2542 nullis
792 2488 883 2543 liberis
897 2488 1007 2548 relictis.
1037 2487 1091 2544 Nec
1109 2492 1122 2539 1

138 2580 243 2630 tantum
257 2571 394 2642 libertum,
409 2571 547 2627 sedetiam
563 2571 692 2642 libertam,
710 2580 737 2627 et
748 2588 803 2627 non
818 2579 920 2627 tantum
936 2571 992 2628 lilio
1006 2588 1090 2645 nepo-

139 2658 205 2726 tiae,
219 2655 267 2711 sed
282 2656 362 2710 etiam
376 2653 445 2710 filiae
465 2656 571 2728 neptive
586 2654 726 2729 adsignare
746 2657 918 2728 permittitur.
948 2655 1030 2710 batur
1045 2672 1090 2711 au·
1107 2659 1122 2708 2

138 2747 192 2796 tem
207 2741 274 2796 haec
288 2737 442 2811 adsignandi
463 2737 578 2795 incultas
597 2740 636 2811 ei,
660 2741 706 2812 qui
726 2738 794 2794 duos
809 2739 933 2811 pluresve
947 2737 1045 2794 liberos
1061 2739 1088 2792 in

138 2831 275 2896 potestate
290 2820 412 2892 habebit,
433 2830 463 2876 ut
478 2823 532 2892 eis,
555 2838 623 2895 quos
642 2825 669 2878 in
684 2831 818 2895 potestate
833 2820 926 2896 habet,
947 2820 1089 2894 adsignare

139 2909 162 2963 ei
177 2907 304 2964 libertum
318 2904 471 2961 libertamve
486 2905 574 2961 liceat.
605 2906 675 2961 unde
696 2903 889 2978 quaerebatur,
910 2904 1025 2971 sicum,
1046 2906 1088 2960 cui

140 2991 328 3065 adsignaverit,
343 2997 437 3062 postea
451 2990 671 3062 emancipaverit,
690 3004 753 3042 num
769 2995 907 3043 evanescat
921 2987 1088 3060 adsignatio?

140 3075 186 3131 sed
201 3074 313 3148 placuit,
328 3087 494 3142 evanescere,
510 3073 582 3146 qnod
594 3079 621 3127 et
631 3072 732 3127 iuliano
744 3079 771 3126 et
783 3071 839 3126 aliis
854 3071 988 3145 plerisque
1003 3073 1089 3127 visum

140 3167 189 3214 est.
218 3157 273 3214 Neo
293 3159 420 3227 interest,
447 3164 606 3212 testamento
635 3157 695 3228 quis
723 3155 845 3228 adsignet
871 3172 904 3210 an
927 3156 983 3233 sine
1007 3161 1122 3212 testa-3

206 3349 227 3415 1)
245 3353 277 3406 L.
294 3369 336 3402 aa.
356 3352 383 3403 0.
403 3354 435 3402 de
452 3351 512 3401 Lot.
531 3353 613 3402 libert.
633 3354 684 3402 toll.
702 3349 742 3416 (7,
761 3350 796 3416 6).
865 3350 885 3416 ²)
902 3356 939 3403 sic
960 3353 1090 3419 Toliipue

140 3421 212 3472 codd.
229 3421 306 3482 infer.
325 3421 364 3470 ed.
382 3419 432 3469 Kr.
450 3419 531 3468 licere
547 3418 573 3468 B
591 3421 630 3469 ed.
649 3418 721 3470 Sada.
