2492 3896
131 527 164 575 39

178 198 222 260 44
454 214 490 248 nra
510 212 604 248 1111111111
620 213 760 250 mvrsrourr
780 200 816 261 11,
837 203 858 249 t.

179 353 226 411 bet
240 354 415 414 substituere.
445 361 519 411 recte
534 355 604 409 euim
620 353 710 411 colere
721 352 802 410 debet
815 362 845 410 et
859 354 936 427 quasi
948 352 1035 410 bouus
1050 361 1154 428 pater·

180 438 293 495 familias
309 430 379 492 uti.¹

245 521 414 590 Thesauros,
429 536 499 593 quos
514 522 574 592 quis
590 521 617 576 iu
632 537 683 578 suo
698 522 759 579 ioco
775 522 924 592 invenerit,
939 520 1016 576 divus
1032 519 1151 578 Hadria·

181 621 242 675 uus,
258 604 407 661 naturalem
422 605 582 676 aequitatem
597 615 718 675 secutus,
737 606 761 660 ci
776 605 921 676 concessit,
937 606 984 678 qui
998 604 1149 662 invenerit.

181 687 305 761 idemque
320 689 422 758 statuit,
447 689 469 744 si
485 689 544 761 quis
559 689 586 743 iu
602 704 677 744 sacro
693 697 739 746 aut
759 690 786 744 iu
800 687 932 761 religioso
947 687 1008 744 loco
1024 689 1150 746 fortuito

182 787 246 828 casu
267 773 409 828 invenerit.
452 779 478 827 at
499 774 522 826 si
545 773 605 844 quis
627 773 653 826 iu
675 771 763 828 alieno
785 771 847 828 ioco
874 789 930 828 uon
952 772 1012 827 data
1035 772 1070 828 ad
1093 774 1151 831 hoo

183 872 275 929 opera,
290 855 338 911 sed
353 856 469 912 iortuitu
484 857 627 924 invenerit,
649 855 787 912 dimidium
802 856 911 912 domiuo
927 855 978 911 soii
994 858 1150 916 concessit.

182 946 209 995 et
231 941 432 1010 convenienter,
455 941 478 996 si
500 942 561 1011 quis
576 940 604 994 111
619 937 736 996 Caesaris
755 939 817 995 loco
837 940 978 1003 invenerit,
1001 940 1150 998 dimidium

182 1023 341 1093 inventoris,
356 1023 495 1080 dimidium
510 1022 629 1078 Caesaris
641 1039 701 1079 esse
716 1023 822 1079 statuit.
852 1024 896 1079 cui
911 1025 1077 1080 couveniens
1094 1035 1148 1096 est,

182 1101 229 1163 et²
244 1111 267 1164 si
282 1109 342 1181 quis
357 1108 384 1162 iu
399 1106 507 1181 publico
522 1106 583 1163 ioco
596 1105 637 1162 vel
649 1104 731 1163 fiscali
745 1107 888 1178 invenerit,
903 1105 1040 1162 dimidium
1056 1107 1149 1181 ipsius

183 1207 253 1265 esse,
268 1191 406 1250 dimidium
422 1189 479 1246 iisci
494 1189 534 1245 vel
550 1190 673 1247 civitatis.

131 1279 166 1327 40
246 1267 317 1329 ³Pcr
332 1273 502 1329 traditionem
517 1290 624 1346 quoque
639 1276 697 1329 iure
711 1272 826 1330 naturali
841 1289 885 1328 res
899 1273 978 1328 uobis
994 1273 1147 1348 adquirun-

134 1947 166 1996 41

184 1367 242 1414 tur:
266 1357 331 1414 1111111
353 1359 422 1412 euim
444 1365 495 1413 tam
516 1359 678 1414 couveniens
698 1365 743 1414 est
762 1357 875 1413 naturali
895 1358 1039 1430 aequitati,
1063 1376 1147 1433 quam

182 1442 349 1500 voluntatem
365 1441 477 1513 domiui,
491 1442 608 1499 uolentis
624 1458 681 1497 rem
695 1458 772 1497 suam
787 1442 814 1497 iu
827 1441 908 1496 alium
924 1441 1085 1514 tramierre,
1102 1461 1147 1500 ra-

182 1534 236 1582 tam
252 1525 353 1583 haberi.
386 1533 414 1582 et
435 1525 496 1582 ideo
517 1527 710 1599 cuiuscumque
731 1526 838 1598 generis
858 1526 895 1579 sit
916 1524 1067 1599 corporalis
1089 1544 1148 1599 res,

181 1611 251 1666 tradi
266 1617 358 1684 potest
372 1618 400 1665 et
420 1625 434 1664 a
455 1609 563 1666 domiuo
578 1609 674 1664 tradita
696 1609 835 1668 alienatur.
864 1609 955 1682 itaque
969 1608 1148 1682 stipendiaria

183 1710 292 1765 quoque
306 1701 334 1748 et
349 1691 486 1748 tributaria
502 1692 609 1765 praedia
623 1691 717 1748 eodem
730 1693 810 1748 modo
824 1691 982 1748 alienantur.
1010 1703 1149 1751 vocantur

184 1784 272 1832 autem
294 1775 467 1848 stipendiaria
489 1785 516 1831 et
538 1774 675 1832 tributaria
704 1776 828 1850 praedia,
856 1777 974 1849 quaein
996 1779 1148 1850 provinciis

183 1867 262 1930 sunt,
284 1861 356 1915 inter
378 1874 446 1931 quae
467 1875 517 1916 uec
538 1875 593 1915 uon
615 1859 703 1915 italica
726 1860 833 1932 praedia
855 1876 888 1915 ex
902 1868 994 1916 nostra
1009 1864 1149 1918 coustitu-

186 1936 281 1999 tioue⁴
296 1942 369 1999 uuila
384 1941 530 1998 differentia
546 1950 597 1998 est.
629 1941 680 1998 Sed
692 1944 715 1998 si
727 1944 833 2015 quidem
849 1961 881 1999 ex
896 1959 975 2000 causa
990 1944 1149 2003 donationis

183 2035 230 2082 aut
252 2027 323 2082 dotis
354 2034 400 2082 aut
427 2025 545 2098 qualibet
567 2026 616 2082 alia
639 2043 772 2083 excausa
794 2027 952 2097 tradantur,
979 2030 1038 2084 siue
1060 2029 1148 2086 dubio

183 2111 399 2168 transferuutur:
416 2111 538 2167 venditae
554 2127 617 2167 vero
633 2118 662 2168 et
677 2110 789 2168 traditae
801 2128 856 2167 nou
871 2111 950 2167 aliter
965 2115 1083 2185 emptori
1097 2115 1149 2170 ad·

183 2197 339 2269 quiruutur,
363 2211 440 2270 quam
455 2196 478 2251 si
492 2197 516 2251 is
530 2195 665 2252 venditori
679 2196 794 2268 pretium
811 2195 922 2251 solverit
936 2195 979 2250 vei
993 2196 1045 2252 aiio
1061 2197 1147 2254 modo

184 2281 209 2335 ei
231 2278 403 2348 satisfecerit,
424 2278 507 2335 veluti
529 2280 727 2354 expromissore
749 2288 794 2334 aut
816 2280 931 2351 pignore
953 2279 1025 2334 dato.
1071 2283 1148 2354 quod

185 2371 293 2418 cavetur
308 2362 414 2434 quidem
430 2363 509 2418 etiam
529 2363 590 2438 lege
612 2361 751 2418 duodecim
769 2361 934 2418 tabularum:
959 2372 1047 2420 mmerr
1070 2375 1148 2422 recte

184 2444 283 2501 dicitur
297 2452 325 2499 et
338 2446 397 2500 iure
411 2446 550 2518 gentium,
565 2446 645 2502 idest
659 2447 717 2501 iure
732 2445 864 2517 naturali,
884 2448 911 2502 id
927 2445 1005 2506 eiiioi.
1035 2448 1086 2502 sed
1097 2444 1149 2504 et⁶

185 2530 208 2584 si
228 2529 267 2599 is,
288 2529 333 2601 qui
354 2528 486 2598 vendidit,
508 2527 587 2585 fidem
608 2531 738 2603 emptoris
757 2537 867 2586 secutus
882 2531 978 2596 suerit,
999 2531 1148 2590 dicendum

134 2617 168 2666 42
186 2619 239 2682 est,
253 2611 344 2667 statim
359 2628 416 2668 rem
437 2614 567 2686 emptoris
586 2612 655 2669 fieri.
688 2605 774 2668 6Nihil
795 2622 884 2670 autem
900 2617 1028 2686 interest,
1051 2623 1149 2672 utrum

134 2700 167 2748 43
185 2697 244 2770 ipse
260 2695 385 2752 domiuus
402 2695 487 2751 tradat
501 2695 579 2752 alicui
594 2713 667 2766 rem,
689 2713 722 2752 au
736 2696 875 2754 roluutate
890 2699 948 2755 eius
963 2699 1041 2754 alius.
1088 2698 1149 2766 Qua

183 2781 299 2850 ratione,
320 2780 343 2836 si
362 2780 405 2836 cui
421 2779 505 2836 libera
524 2782 697 2854 negotiorum
712 2780 908 2838 administratio
924 2800 939 2838 a
959 2783 1066 2838 domino
1084 2800 1148 2857 per·
1216 2799 1217 2818 ³

183 2945 386 2954 ...ψ

252 3059 361 3125 1)Η111ὀ
383 3063 486 3112 lectioni
505 3033 613 3112 mdoeime
633 3061 704 3123 favet
730 3061 840 3124 Theopd.
864 3062 906 3110 uti
927 3061 1006 3112 debet
1027 3061 1087 3110 ΑΤ
1102 3065 1146 3114 ed.
1216 3077 1217 3082 ¹

183 3128 235 3180 Kr.
259 3136 388 3194 utrumque
413 3145 458 3180 om.
478 3129 504 3178 B
521 3130 562 3180 ed.
582 3128 655 3182 seur.
740 3125 761 3190 ²)
780 3129 826 3178 Eae
847 3128 958 3193 Theopd.
976 3133 1008 3178 ut
1024 3131 1101 3178 codd.
1119 3139 1148 3180 et

184 3197 244 3247 edd.
330 3194 351 3261 8)
370 3196 517 3249 ina't.=L.
536 3198 559 3246 9.
578 3196 602 3256 ξ.
619 3199 643 3246 3.
662 3196 695 3244 D.
714 3198 746 3246 de
764 3212 820 3261 aeq.
839 3211 891 3249 rer.
910 3199 973 3250 dom.
992 3196 1044 3258 (41,
1063 3195 1089 3260 1)
1109 3213 1148 3246 em
1216 3195 1217 3220 ³

186 3264 246 3315 Gaii
262 3266 277 3317 1,
296 3265 311 3312 2
329 3279 382 3313 rer.
401 3271 469 3328 quoi.
580 3259 1146 3329 111110.11111111111111111).
1216 3283 1217 3302 i

184 3330 206 3393 ⁵)
218 3346 253 3380 ecc
268 3330 378 3394 Tteopt.
391 3321 549 3381 κάνταῦθα
566 3337 593 3380 et
608 3337 685 3380 antea
704 3325 731 3380 cd
748 3323 780 3380 δὲ
799 3327 847 3380 καὶ
860 3346 911 3380 sec.
925 3331 1004 3380 Febr.
1024 3330 1071 3379 sed
1087 3335 1146 3394 pie·

183 3399 256 3462 rique
277 3399 351 3448 codd.
368 3397 427 3451 edd.
445 3396 520 3446 Scir.
537 3403 562 3447 et
578 3397 628 3451 Kr.
703 3396 724 3460 6)
741 3393 781 3458 ἓξ.
799 3399 832 3445 42
845 3400 927 3451 ...46
943 3393 1000 3459 fere
1016 3417 1050 3438 =
1068 3398 1100 3446 L.
1120 3401 1147 3450 9.

184 3465 304 3524 §§.4...
317 3465 341 3513 ’1.
359 3464 392 3516 D.
413 3466 444 3514 de
462 3480 518 3529 aeq.
535 3479 589 3514 rer.
607 3467 670 3515 dom.
689 3462 745 3527 (41,
763 3461 789 3526 1)
808 3477 842 3512 eac
861 3464 919 3514 Gaii
934 3467 950 3513 1.
968 3467 983 3513 2
1001 3479 1054 3516 rer.
1073 3471 1146 3530 quot.
