2492 3896
194 194 235 258 66
396 211 431 248 nn
447 209 668 251 marcomere
686 210 844 247 xrsxxoxon
855 196 891 259 Π,
906 198 945 248 13.

195 359 329 420 mentum,
353 366 408 424 quo
430 350 507 406 iuror
528 366 622 406 eorum
636 348 808 407 intermissus
823 359 881 421 est,
903 351 962 406 iure
983 352 1079 406 testati
1096 367 1164 406 esse

195 434 330 503 videntur,
345 441 474 504 certeco,
491 433 564 507 quod
575 443 637 490 ante
652 434 772 491 lurorem
788 434 913 504 iecerint,
929 441 1099 490 testamento
1118 453 1163 490 va·

195 518 283 574 lente:
306 532 366 572 nam
388 533 476 590 neque
498 526 655 574 testamento
675 526 749 574 recte
769 518 838 574 iacta
861 533 950 590 neque
969 516 1042 572 aliud
1069 517 1163 573 ullum

163 610 178 658 2
195 601 336 674 negotium
349 607 422 656 recte
433 607 539 672 gestum
551 609 645 675 postea
656 600 732 657 iuror
742 602 921 658 interveniens
931 602 1054 675 peremit.
1088 601 1162 656 ltem

195 683 344 758 prodigus,
366 685 409 740 cui
428 683 562 740 bonorum
584 701 694 740 suornm
716 684 910 740 administratio
931 684 1079 741 interdicta
1105 694 1162 754 est,

197 773 384 823 testamentum
395 767 483 824 lacere
494 784 549 824 uon
561 776 663 842 potest,
678 767 726 824 sed
740 767 777 839 id,
792 768 864 841 quod
876 775 937 824 ente
951 767 1060 838 lecerit,
1074 785 1161 840 quam

164 858 181 906 3
199 849 351 908 interdictio
367 853 391 906 ei
405 850 537 908 bonorum
552 849 613 921 fiat,
632 860 719 908 retum
734 859 786 908 est.
821 851 888 908 ltem
902 859 993 907 mutus
1008 860 1035 906 ct
1051 851 1161 907 surdus

197 951 252 990 nou
267 952 372 1008 semper
386 935 473 992 iacere
488 942 677 991 testamentum
693 942 817 1008 possunt.
854 937 947 1008 utique
962 943 1050 990 autem
1069 935 1109 991 de
1127 951 1160 991 eo

197 1018 279 1074 surdo
294 1019 440 1093 loquimur,
456 1020 500 1091 qui
517 1020 624 1074 omnino
640 1035 694 1075 non
709 1018 831 1088 exaudit,
846 1035 902 1074 nou
916 1020 963 1091 qui
978 1017 1052 1073 tarde
1072 1035 1159 1075 exsu-

197 1101 250 1158 dit:
266 1119 327 1158 nam
343 1109 371 1157 et
384 1110 475 1157 mutus
489 1103 512 1157 is
526 1101 708 1176 Intellegitur,
723 1103 770 1174 qui
783 1101 874 1173 eloqui
888 1102 953 1157 nihil
967 1108 1078 1175 potest,
1100 1119 1159 1158 uon

198 1186 243 1258 qui
259 1185 335 1241 tarde
350 1185 480 1256 loquitur.
516 1201 596 1258 saepe
611 1194 700 1241 autem
720 1187 800 1240 etiam
814 1185 926 1241 litterati
946 1193 973 1240 et
987 1184 1092 1242 eruditi
1108 1187 1159 1241 bo-

198 1270 283 1324 miues
296 1269 376 1323 variis
398 1267 501 1324 casibus
523 1277 550 1324 et
565 1268 687 1324 audiendi
702 1277 730 1324 et
744 1267 872 1342 loquendi
895 1267 1047 1324 facultatem
1072 1273 1158 1326 amit-

198 1359 272 1407 tunt:
294 1351 365 1407 unde
385 1360 478 1407 nostra
497 1345 674 1408 constitutio¹
694 1353 773 1408 etiam
795 1352 838 1408 his
858 1351 997 1422 subvenit,
1019 1360 1049 1406 ut
1069 1355 1158 1408 certis

198 1435 302 1492 casibus
317 1444 346 1491 et
359 1434 447 1491 modis
461 1436 607 1492 secundum
617 1451 738 1491 normam
750 1437 807 1491 elus
817 1437 924 1508 possint
938 1437 1032 1490 testari
1045 1435 1158 1510 aliaque

197 1518 296 1590 iacere,
312 1535 380 1591 quae
396 1521 434 1575 eis
448 1521 578 1594 permissa
592 1527 664 1575 sunt.
688 1512 755 1574 ²sed
770 1521 793 1574 si
808 1521 869 1592 quis
882 1527 946 1591 post
960 1526 1158 1576 testamentum

197 1603 296 1658 iactum
311 1601 462 1659 valetudine
477 1612 522 1659 aut
536 1602 657 1675 quolibet
668 1600 719 1658 alio
731 1619 796 1658 casu
810 1611 902 1658 mutus
915 1611 962 1658 aut
977 1601 1076 1657 surdus
1094 1619 1157 1659 esse

164 1693 181 1741 4
198 1689 328 1759 coeperit,
338 1695 426 1741 ratum
438 1685 520 1742 nihilo
531 1689 617 1742 miuus
629 1688 687 1741 eius
696 1692 815 1742 remanet
828 1693 1024 1742 testamentum.
1050 1684 1157 1743 Caecus

199 1777 357 1824 autemnon
372 1777 463 1842 potest
483 1769 570 1824 lacere
584 1776 772 1825 testamentum
792 1771 844 1825 uisi
864 1785 912 1842 per
927 1768 1156 1839 observationem,

166 1857 183 1907 5
200 1867 279 1922 quam
293 1851 337 1907 lex
352 1852 404 1908 diri
418 1851 512 1907 luscini
526 1854 611 1925 patris
632 1855 684 1908 mei
703 1853 862 1909 introduxit.
901 1845 998 1923 lilius,
1019 1853 1065 1926 qui
1080 1853 1156 1926 apud
1212 1877 1213 1916 l

199 1933 292 1990 hostes
308 1943 367 2008 est,
388 1943 590 2006 testamentum,
612 1936 684 2009 quod
703 1936 739 1992 ibi
754 1937 833 2008 iecit,
853 1953 909 1993 uon
924 1935 1008 2008 valet,
1031 1938 1156 2009 quamvis

199 2016 323 2075 redierit:
345 2019 393 2076 sed
409 2019 495 2093 quod,
519 2019 581 2076 dum
602 2021 629 2075 in
644 2021 750 2076 civitate
764 2019 867 2092 iuerat,
891 2019 969 2084 iecit,
994 2021 1049 2075 sive
1064 2021 1156 2076 redie·
1212 2033 1213 2096 l

198 2102 251 2240 ἓίι,
273 2103 343 2243 vlalet
356 2105 415 2160 iure
435 2103 606 2177 postliminii,
628 2105 684 2159 sive
698 2103 753 2159 illle
774 2103 935 2176 decesserit,
956 2103 1026 2159 valet
1041 2119 1074 2159 ex
1089 2104 1155 2178 lege
1212 2107 1213 2162 l

219 2203 329 2244 ometa.

605 2365 662 2404 nln.
675 2364 742 2404 xm

363 2463 413 2514 Du
431 2465 742 2516 EXHEREDA'I'IONE
760 2464 982 2516 LIBERORUM.

148 2605 185 2647 Pr.
263 2595 339 2656 ὅΝοη
363 2610 465 2673 tamen,
487 2611 518 2658 ut
539 2603 692 2659 omnimodo
714 2602 800 2660 valeat
822 2610 1027 2675 testamentum,
1048 2601 1155 2661 suificit

199 2685 263 2742 baec
284 2685 451 2755 observatio,
474 2703 554 2760 quam
569 2704 649 2760 snpra
670 2689 851 2760 exposuimus.
888 2686 936 2742 sed
957 2689 1001 2760 qui
1023 2685 1108 2742 filium
1126 2690 1155 2744 iu

198 2777 333 2843 potestate
348 2769 443 2842 babet,
465 2769 543 2826 debet
557 2786 667 2840 curare,
687 2778 717 2825 ut
737 2787 797 2826 eum
816 2769 942 2827 heredem
962 2771 1085 2827 instituat
1107 2771 1155 2827 vel

198 2853 356 2911 exheredem
376 2855 532 2911 nominatim
552 2853 644 2910 iaciatz
672 2853 791 2927 alioquin
811 2856 835 2910 si
860 2871 921 2910 eum
943 2854 1050 2910 silentio
1073 2870 1154 2928 prae·

199 2939 316 3008 teriorit,
337 2936 470 2994 inutiliter
482 2937 642 3009 testabitur,
662 2937 728 2993 adeo
745 2937 850 3011 quidem
865 2945 910 3008 ut,
933 2939 984 2992 etsi
998 2938 1057 2992 vivo
1073 2946 1154 3011 patre

198 3019 268 3076 lilius
283 3030 407 3077 mortuus
422 3023 470 3093 sit,
492 3036 570 3078 nemo
586 3037 664 3077 exeo
680 3028 841 3079 testamento
862 3021 941 3076 heres
956 3022 1071 3077 existere
1086 3037 1155 3095 pos·
1212 3055 1213 3058 =

265 3249 286 3316 ¹)
305 3253 336 3301 L.
356 3253 395 3302 to.
413 3250 441 3300 0.
465 3251 508 3315 qui
524 3257 619 3300 tertam.
638 3252 692 3312 soc.
710 3247 751 3314 (6,
769 3249 820 3313 22).
906 3247 927 3314 ²)
943 3251 1003 3312 fere
1020 3269 1053 3290 =
1071 3250 1104 3300 L.
1124 3251 1150 3302 6.

198 3320 222 3380 §-
234 3321 257 3370 1.
272 3320 303 3368 D.
322 3320 365 3382 qui
381 3324 474 3367 testam
487 3318 540 3378 fac.
554 3315 606 3382 (28,
620 3317 647 3382 1)
666 3334 700 3368 eac
720 3318 777 3367 Gaii
793 3321 811 3368 l.
825 3318 856 3368 17
874 3317 910 3368 ad
925 3319 966 3367 ed.
982 3332 1056 3381 prov.
1126 3315 1149 3380 ⁸)

198 3385 230 3434 L.
249 3386 273 3434 8.
291 3385 320 3435 G.
338 3381 511 3448 ccd‚(6,22).
588 3383 610 3449 ⁴)
627 3385 770 3434 intua-L.
787 3386 860 3448 8pr.
880 3385 912 3434 D.
931 3385 987 3435 eod.
1004 3379 1096 3448 (28,1)
1114 3398 1153 3433 erc

202 3452 259 3501 uasa
275 3454 291 3501 ι.
309 3467 330 3504 0.
399 3450 799 3515 ⁵)=0at.n,1lo.123moc.
1212 3451 1213 3486 1
