2492 3896
146 194 207 258 124
241 211 276 246 ne
288 212 333 260 uo,
346 211 393 247 ou1
405 211 514 246 arnano.
526 209 611 246 cause
622 209 693 246 nour
703 208 879 245 morcourmn
890 193 940 255 III,
955 195 984 243 11
998 191 1060 258 (12).

145 352 204 408 dem
217 351 434 423 adquisitionem,
450 365 517 423 quae
528 350 786 423 peradrogationem
802 346 891 418 fiebat,
906 341 1095 403 coartavimus¹

145 437 177 491 ad
193 434 391 490 similitudinem
412 433 571 489 naturalium
585 431 737 507 parentum:
758 432 823 488 nihil
838 434 935 487 etenim
957 431 1028 486 aliud
1043 431 1097 486 nisi

146 517 329 574 tantummodo
350 517 520 572 ususfructus
540 525 592 572 tam
612 515 776 574 naturalibus
797 515 916 589 patribus
932 531 1009 587 quam
1032 514 1097 570 ado·

146 603 224 675 ptiris
236 617 285 674 per
296 598 480 656 filiusfamilias
492 601 641 673 adquiritur
649 602 675 655 in
694 601 734 656 his
745 597 833 669 rebus,
850 614 916 671 quae
930 599 1097 653 extrinsecus

145 685 205 740 liliis
228 683 388 753 obveniunt,
411 683 528 739 dominio
550 685 588 738 eis
609 675 716 757 integro
736 690 856 738 servato:
878 689 985 736 mortuo
1005 689 1097 737 autem

146 766 201 824 filio
217 766 347 840 adrogato
362 768 389 822 in
404 767 527 840 adoptiva
542 766 639 822 familia
649 769 727 823 etiam
739 766 883 822 dominium
899 766 956 820 eius
972 764 1004 819 ad
1019 765 1097 820 adro-

146 861 267 925 gatorcm
282 852 392 920 transit,
407 852 460 907 nisi
475 851 610 924 supersint
625 849 689 905 aliae
704 865 852 921 personae,
874 864 941 921 quae
957 864 989 903 cx
1003 858 1098 904 nostra

146 929 358 991 constitutionc²
373 943 477 1006 patrem
491 935 517 990 iu
533 934 591 1003 his,
607 949 673 1006 quae
688 933 791 1005 adquiri
805 948 859 987 non
874 938 1004 1005 possunt,
1020 940 1098 988 ante-

113 1027 128 1074 3
146 1019 253 1074 cedunt.
284 1018 336 1074 Sed
353 1034 385 1074 ex
399 1017 504 1072 diverso
519 1034 568 1090 pro
584 1033 627 1088 eo,
643 1016 715 1089 quod
730 1017 753 1071 is
768 1015 869 1088 debuit,
886 1017 932 1088 qui
946 1032 975 1071 se
989 1016 1017 1070 in
1031 1015 1097 1071 ado-

144 1104 265 1176 ptionem
284 1101 372 1171 dedit,
392 1102 451 1173 ipso
471 1100 576 1173 quidem
597 1102 654 1155 iure
676 1099 820 1173 adrogatur
834 1115 889 1154 non
904 1106 1026 1168 tenetur,
1049 1099 1098 1154 sed

146 1188 254 1240 nomine
270 1183 316 1239 lilii
332 1184 506 1240 convenietur
521 1192 558 1252 et,
573 1185 596 1238 si
611 1184 729 1239 nolucrit
743 1198 803 1237 eum
819 1181 972 1254 defendere,
986 1184 1097 1255 permit·

148 1271 214 1324 titur
235 1266 411 1324 creditoribus
432 1284 481 1340 per
500 1275 682 1340 competentes
703 1274 811 1321 nostros
826 1267 999 1339 magistratus
1014 1265 1096 1334 bona,

147 1368 215 1425 quac
231 1353 288 1406 eius
303 1367 364 1407 cum
379 1349 522 1407 usufructu
537 1350 627 1406 futura
642 1349 772 1419 fuissent,
793 1351 816 1404 si
830 1366 860 1404 se
874 1350 960 1404 alieno
974 1351 1027 1404 iuri
1042 1352 1098 1405 non

141 1428 330 1505 subiecisset,³
345 1433 485 1509 possidere
500 1443 527 1491 et
541 1435 662 1508 legitimo
678 1433 757 1490 modo
773 1449 803 1488 ea
818 1433 968 1506 disponere.

147 1667 195 1716 nn
214 1664 275 1727 uo,
294 1664 356 1714 cur
373 1594 719 1714 mssoacfifoxtili‘isni
737 1662 833 1713 noun
851 1661 1100 1714 tnntcuurun.

96 1788 132 1829 rr.
209 1770 330 1823 Accessit
356 1770 442 1822 nouus
470 1783 547 1824 casus
576 1768 751 1821 successionis
775 1784 807 1823 ex
829 1767 1023 1823 constitutione
1045 1766 1099 1824 diri

146 1852 235 1906 ldarci.
266 1867 324 1905 narn
340 1853 363 1905 si
378 1851 415 1920 hi,
431 1852 477 1922 qui
491 1849 639 1905 libertatem
650 1860 811 1923 acceperunt
825 1868 840 1907 a
855 1851 962 1906 domino
976 1853 1004 1905 in
1016 1859 1099 1906 testa-

146 1942 254 2006 mento,
279 1951 310 1990 er
332 1950 385 2007 quo
406 1951 461 1989 non
477 1934 564 1988 aditur
583 1933 732 2003 hereditas,
755 1933 837 1988 veiint
857 1933 927 1989 bona
947 1934 996 1989 sibi
1012 1934 1099 1991 addici

147 2018 308 2075 libertatium
323 2017 563 2074 conservandarum
579 2033 670 2086 causa,
685 2017 840 2074 audiuntur.
871 2019 948 2072 etita
964 2019 1098 2090 rescripto

114 2111 127 2159 1
146 2103 197 2158 dlvi
218 2103 298 2158 ldarci
318 2102 350 2156 ad
365 2101 496 2175 Popilium
511 2100 607 2156 Rufum
628 2101 790 2156 continetur.
821 2100 905 2157 Verba
924 2102 1047 2174 rescripti
1060 2103 1100 2158 ita

145 2204 175 2243 se
191 2185 302 2242 habent:
319 2185 358 2242 ‘Si
375 2187 493 2259 Virginio
510 2184 626 2255 Valenti,
643 2186 688 2256 qui
704 2192 864 2241 testamento
879 2201 930 2240 suo
945 2184 1099 2241 libertatem

146 2270 302 2343 quibusdam
314 2269 472 2343 adscripsit,
488 2270 592 2324 nemine
604 2284 761 2325 successore
772 2268 803 2324 alt
814 2270 948 2324 intestato
955 2270 1099 2341 existente,

145 2353 173 2408 in
188 2369 218 2408 ea
232 2369 310 2408 causa
325 2351 395 2408 hona
410 2369 469 2408 esse
485 2360 646 2426 coeperunt,
668 2361 698 2406 ut
713 2354 795 2407 veniri
811 2351 937 2408 debcant:
960 2353 999 2420 is,
1021 2354 1099 2408 cuius

145 2435 177 2489 de
193 2451 222 2490 ea
243 2451 272 2489 re
293 2437 367 2491 notio
388 2445 445 2504 est,
466 2435 569 2506 aditus,
584 2437 712 2491 rationem
728 2435 853 2492 desiderii
868 2438 908 2490 tui
923 2434 1043 2508 habebit,
1067 2445 1099 2492 ut

145 2517 306 2574 libertatium
319 2527 375 2573 tam
390 2534 496 2588 earum,
518 2534 587 2591 quae
602 2517 716 2588 directo,
740 2536 818 2591 quam
840 2536 944 2591 earum,
966 2535 1033 2591 quae
1047 2536 1101 2593 per

145 2603 261 2674 speciem
274 2599 471 2656 fideicommissi
485 2602 592 2657 relictae
607 2611 684 2670 sunt,
701 2603 858 2658 tuendarum
874 2605 959 2676 gratia
973 2602 1099 2659 addican-

146 2695 191 2740 tur
206 2685 269 2756 tihi,
289 2687 310 2740 si
326 2684 422 2740 idonee
436 2684 613 2740 creditoribus
628 2687 727 2741 caveris
743 2685 776 2740 de
790 2685 891 2756 solido,
913 2686 984 2758 quod
999 2688 1101 2759 cuique

146 2769 278 2839 debetur,
292 2767 432 2824 solvendo.
461 2768 529 2823 ethi
545 2768 668 2841 quidem,
687 2767 783 2839 quibus
799 2769 899 2825 directa
914 2769 1022 2825 libertas
1037 2770 1101 2826 data

146 2861 197 2920 est,
213 2852 323 2926 perinde
338 2851 414 2908 liberi
430 2859 520 2922 erunt,
536 2868 566 2907 ac
581 2853 604 2906 si
618 2852 750 2907 hereditas
766 2852 836 2907 adita
852 2859 936 2908 esset:
953 2853 979 2907 hi
995 2860 1098 2924 autem,

146 2953 214 3009 quos
236 2937 313 2992 hares
333 2945 446 3010 rogatus
464 2943 506 2990 est
526 2935 728 3007 manumittere,
752 2951 765 2989 a
786 2943 813 2991 tc
832 2935 982 2992 libertatem
1002 2953 1100 2992 conse·

148 3028 276 3092 quantur:
298 3013 369 3075 nisi‘1
392 3023 415 3075 si
436 3036 490 3075 non
511 3018 561 3074 alia
581 3018 739 3074 condicione
760 3019 824 3074 velis
844 3018 912 3073 bona
934 3019 981 3073 tibi
1001 3020 1101 3092 addici,

214 3179 234 3242 ¹)
261 3180 292 3230 L.
319 3181 342 3230 6.
370 3179 396 3234 0.
423 3183 455 3230 dc
481 3180 537 3230 bon.
565 3195 627 3246 quae
653 3181 695 3232 tto.
723 3178 762 3244 (6,
786 3180 839 3243 61).
940 3179 962 3243 ²)
992 3181 1025 3232 L.
1056 3184 1099 3234 tt.

149 3247 175 3297 0.
205 3263 287 3297 comm.
318 3248 349 3296 de
377 3263 484 3297 success.
516 3245 554 3310 (6,
582 3248 633 3308 59).
735 3245 755 3313 ⁸)
783 3263 818 3297 ecc
847 3247 993 3312 quibusdam
1023 3251 1098 3301 codd.

147 3315 223 3376 infer.
252 3321 276 3364 et
306 3313 415 3377 Tlecpd.
442 3329 511 3378 quaa
536 3329 627 3364 eorum
649 3329 709 3364 cum
728 3358 733 3370 ,
752 3350 759 3364 .
778 3349 784 3364 .
803 3316 982 3365 subiecissent
1006 3332 1041 3366 ear
1058 3333 1101 3367 ce-

149 3382 210 3430 teris
227 3382 301 3430 codd.
322 3381 378 3433 edd.
395 3379 469 3429 Scir.
489 3388 514 3430 ct
530 3382 581 3432 Kr.
682 3380 704 3446 4)
721 3383 822 3444 scripsi.
840 3383 881 3431 ita
898 3387 929 3432 ul
946 3385 1020 3433 codd.
1040 3386 1101 3436 edd.

148 3447 198 3496 Kr.
216 3454 241 3496 et
259 3445 331 3498 Scltr.
351 3450 418 3512 quod
434 3450 530 3498 scilicet
547 3455 715 3512 reposuerunt
733 3449 831 3498 librarii
847 3451 910 3498 male
927 3456 1057 3513 expuncta
1073 3469 1101 3502 υ.
