2500 3890
424 274 460 308 nn
480 273 652 308 mnasonem
670 259 716 319 IV,
737 260 776 314 15.
1014 256 1075 321 193

187 413 293 468 Summa
315 421 403 468 autem
423 413 516 469 divisio
542 413 747 468 interdictorum
767 414 833 468 haec
853 421 909 480 est,
936 413 1007 485 quod
1028 421 1075 468 aut
1093 425 1107 471 1

124 497 299 570 prohibitoria
314 505 377 552 sunt
391 506 436 552 aut
451 498 619 552 restitutoria
634 504 679 551 aut
695 496 860 552 exhibitoria.
898 495 1075 569 prohibitoria

123 587 198 651 sunt,
214 581 310 653 quihus
325 589 397 636 vetat
412 580 511 652 aliquid
526 579 691 651 fieri‚·veiuti
703 581 756 634 vim
773 582 829 634 sine
847 581 912 636 vitio
927 581 1075 652 possidenti

123 664 165 720 vel
186 674 321 720 mortuum
343 663 483 734 inferenti,
506 680 560 737 quo
581 665 605 719 ei
625 665 667 718 ius
683 665 734 718 erit
748 662 894 734 inserendi,
915 663 957 719 vel
972 665 999 718 in
1014 664 1074 720 loco

123 765 201 804 sacro
217 747 360 817 aedificari,
375 747 417 802 vei
433 749 460 801 in
475 746 584 802 domine
598 745 706 820 publico
721 748 809 819 ripave
820 747 877 802 eius
892 747 991 818 aliquid
1007 745 1075 816 fieri,

123 845 178 904 quo
193 833 271 905 peius
286 833 437 904 navigetur.
473 832 640 886 restitutoria
654 838 726 901 sunt,
742 830 838 901 quibus
853 831 960 886 restitui
976 831 1075 904 aliquid

124 914 216 985 iubet,
237 907 335 969 veinti¹
352 913 484 970 honorum
500 915 651 987 possessori
665 915 864 987 possessionem
878 930 988 983 eorum,
1007 931 1077 986 quae

122 1000 183 1072 quis
199 1015 249 1071 pro
269 998 368 1054 herede
388 1006 433 1053 aut
453 1014 503 1070 pro
518 1013 675 1071 possessore
690 996 811 1070 possidet
826 1014 856 1053 ex
872 1013 902 1052 ea
916 997 1074 1068 hereditate,

123 1089 246 1138 autenm
261 1079 335 1137 iubet
349 1081 384 1150 ei,
399 1083 445 1152 qui
464 1083 488 1136 vi
499 1082 672 1154 possessione
683 1080 759 1136 iundi
774 1081 893 1136 deiectus
906 1086 950 1152 sit,
965 1081 1073 1136 restitui

122 1167 332 1240 possessionem.
362 1163 522 1220 exhibitoria
534 1171 608 1235 sunt,
622 1180 671 1237 per
682 1181 750 1236 quae
761 1163 834 1219 iubet
849 1164 976 1236 exhiheri,
991 1164 1074 1219 veluti

123 1266 195 1320 eum,
212 1249 288 1304 cuins
303 1248 335 1304 de
350 1247 471 1304 iihertate
487 1250 586 1321 agitur,
601 1257 648 1303 eut
659 1247 794 1319 libertum,
810 1250 853 1304 cui
864 1256 995 1322 patronus
1011 1265 1075 1321 ope·

122 1350 167 1388 ras
187 1332 305 1387 indicere
325 1331 403 1402 velit,
426 1339 473 1388 aut
491 1332 595 1405 parenti
614 1330 729 1401 liberos,
753 1333 799 1405 qui
820 1334 847 1386 in
867 1340 1001 1404 potestate
1017 1334 1074 1388 eius

20 1439 21 1496 p
121 1424 196 1472 sunt.
234 1423 297 1470 sunt
319 1423 406 1470 tamen
426 1416 471 1488 qui
492 1422 602 1487 putant,
624 1415 732 1487 proprie
753 1415 894 1470 interdicta
920 1431 950 1470 ea
973 1415 1074 1489 vocari,

20 1501 21 1504 ’
122 1516 191 1574 quae
206 1498 383 1571 prohibitoria
397 1507 476 1568 sunt,
491 1501 553 1570 quia
568 1497 727 1553 interdicere
742 1506 784 1553 est
798 1498 954 1554 denuntiare
969 1506 997 1554 et
1011 1516 1074 1572 pro·

20 1585 21 1590 ’
121 1583 230 1639 hibere:
246 1583 412 1638 restitutoria
424 1591 511 1638 autem
524 1589 551 1637 et
563 1580 720 1637 exhibitoria
732 1583 840 1655 proprie
850 1582 954 1637 decreta
969 1584 1073 1637 vocari:

121 1667 170 1722 sed
183 1674 272 1722 tamen
288 1668 415 1738 optinuit,
433 1667 520 1721 omnia
535 1665 675 1719 interdicta
690 1665 828 1738 appellari,
844 1665 904 1737 quia
920 1666 990 1722 inter
1005 1666 1072 1722 duos

120 1751 258 1807 dicuntur.
281 1744 419 1822 ²Sequens
430 1748 524 1805 divisio
540 1748 742 1804 interdictorum
760 1749 825 1804 haec
838 1758 890 1818 est,
905 1749 977 1822 quod
993 1767 1073 1822 quae·
1090 1765 1106 1812 2

121 1835 180 1889 dam
197 1832 382 1906 adipiscendae
397 1833 576 1905 possessionis
593 1848 671 1888 causa
685 1840 836 1907 comparata
850 1840 928 1899 sunt,
945 1834 1073 1906 quaedam

121 1917 293 1988 retinendae,
309 1916 437 1988 quaedam
453 1915 649 1989 reciperandae.
687 1917 878 1989 Adipiscendae
893 1919 1072 1991 possessionis
1090 1917 1106 1965 3

121 2018 202 2056 causa
223 2000 392 2055 interdictum
415 1999 630 2068 accommodatur
650 1998 782 2055 bonorum
805 2002 971 2072 possessori,
999 2000 1071 2072 quod

20 2127 21 2130 ι
120 2084 270 2158 appellatur
283 2098 411 2146 coenum
422 2099 579 2153 Bonosum,
595 2079 705 2153 eiusque
716 2085 755 2136 vis
768 2089 795 2136 et
805 2091 925 2154 potestas
940 2082 1005 2138 haec
1020 2092 1072 2155 est,

121 2176 169 2241 ιιι,
189 2167 262 2240 quod
284 2183 314 2221 ex
336 2167 378 2221 his
393 2166 470 2221 honis
485 2167 613 2238 quisque,
633 2181 748 2236 quorum
764 2167 898 2238 possessio
920 2166 997 2222 alicui
1012 2166 1072 2222 data

121 2259 173 2320 est,
189 2268 238 2324 pro
254 2250 353 2305 herede
369 2258 414 2305 aut
428 2266 478 2322 pro
493 2265 652 2321 possessore
666 2248 817 2321 possideat,
832 2249 859 2304 id
875 2251 914 2321 ei,
930 2251 973 2304 cui
987 2249 1072 2305 hono·

121 2351 180 2390 rum
196 2335 333 2408 possessio
355 2333 414 2388 data
429 2340 486 2401 est,
507 2333 649 2388 restituere
669 2330 773 2387 debeat.
803 2349 853 2405 pro
869 2333 967 2389 herede
982 2340 1071 2390 autem

121 2417 261 2491 possidere
276 2416 396 2489 videtur,
417 2415 463 2488 qui
479 2424 556 2489 putet
571 2433 599 2471 se
614 2415 739 2472 heredem
754 2433 827 2472 esse:
848 2433 898 2490 pro
914 2433 1072 2491 possessore

121 2504 142 2556 is
157 2500 294 2574 possidet,
315 2503 359 2572 qni
379 2500 454 2555 nulio
475 2502 533 2555 iure
553 2516 607 2554 rem
629 2498 816 2555 hereditariam
836 2501 878 2556 vel
894 2503 971 2557 etiam
986 2509 1071 2558 totam

120 2587 295 2640 hereditatem
310 2585 407 2652 sciens,
423 2583 454 2638 ad
470 2600 499 2639 se
514 2601 569 2638 non
584 2585 731 2656 pertinere,
746 2584 876 2656 possidet.
905 2585 966 2640 ideo
982 2594 1071 2642 autem

122 2668 307 2742 adipiscendae
322 2668 500 2740 possessionis
516 2678 625 2722 vocatur
643 2666 829 2738 interdictum,
851 2670 911 2741 quia
928 2671 952 2724 ei
968 2677 1069 2725 tantum

20 2769 21 2796 ³
123 2753 186 2808 utile
202 2760 259 2823 est,
275 2753 321 2824 qui
336 2767 407 2806 nunc
421 2752 534 2824 primum
551 2761 663 2806 conatur
677 2749 785 2823 adipisci
803 2753 840 2806 rei
855 2753 1069 2824 possessionem:

120 2837 209 2908 itaque
228 2837 251 2889 si
271 2837 331 2907 quis
351 2834 462 2907 adeptus
482 2837 678 2907 possessiouem
694 2835 811 2889 amiserit
826 2851 898 2905 eam,
920 2836 972 2890 hoc
987 2837 1070 2890 inter·

121 2919 221 2975 dictum
242 2920 266 2974 ei
287 2918 382 2973 inutile
403 2926 452 2973 est.
490 2917 661 2974 interdictum
681 2934 802 2990 quoque,
826 2918 898 2990 quod
920 2919 1070 2990 appellatur

122 3002 288 3074 Saluianum,
311 3001 495 3074 adipiscendae
517 3003 696 3074 possessionis
723 3016 800 3056 causa
827 3012 1006 3074 comparatum
1029 3013 1071 3058 est

120 3099 206 3160 eoque
221 3088 308 3141 utitur
324 3085 447 3140 dominus
463 3085 538 3139 iundi
553 3084 586 3140 de
601 3085 682 3141 rebus
697 3084 800 3155 coloni,
818 3101 884 3157 quas
899 3087 921 3140 is
936 3102 985 3159 pro
1001 3102 1069 3143 mer·

120 3169 228 3226 cedibus
249 3169 324 3224 sundi
344 3170 452 3242 pignori
472 3168 576 3224 futuras
598 3168 753 3242 pepigisset.
782 3168 943 3225 Retineudae
962 3186 1068 3242 posses
1088 3180 1108 3232 4

188 3381 207 3444 ¹)
225 3384 263 3431 sic
284 3381 395 3446 Theoph.
412 3380 497 3431 veluti
515 3397 573 3431 cum
592 3382 667 3431 codd.
686 3383 744 3432 edd.
791 3378 812 3443 ²)
831 3383 871 3443 §1-
890 3384 905 3430 2
920 3418 925 3432 .
941 3418 947 3431 .
964 3419 969 3432 .
985 3383 1068 3444 isere

115 3450 262 3566 aaziae,
276 3451 335 3500 143.
354 3451 409 3498 144.
429 3449 637 3499 14t.148.165³.
656 3451 704 3498 149
718 3485 723 3499 .
739 3485 744 3498 .
760 3486 765 3498 .
780 3450 837 3500 154.
857 3450 912 3500 156.
931 3450 988 3500 160.
1005 3464 1069 3516 par·

151 3613 305 3649 1vsn1nras1
325 3613 539 3648 1nsr1rvn1ouss.
886 3601 917 3651 13
