2500 3890
140 96 198 162 198
409 116 444 152 nn
462 114 567 150 ormroro
584 113 688 152 runrcrs
706 99 753 161 IV,
773 99 811 148 ii.

126 272 215 314 usust
231 271 325 314 nuo1o
346 272 432 312 rrnro
452 269 558 312 nnonu
576 269 688 312 nunnls
709 267 877 311 oounnnuo
899 267 961 310 tun
982 265 1090 308 noxam

104 350 120 396 2
137 355 271 398 onumen.
298 339 331 395 Et
344 340 403 394 siin
416 354 474 393 rem
491 346 578 394 actum
593 339 643 408 sit,
659 337 714 392 sive
726 345 819 393 contra
831 337 976 410 petitorem
989 335 1089 390 iudica·

137 423 191 496 vit,
214 423 350 479 absolvere
372 421 451 478 debet
472 437 674 494 possessorem,
700 422 756 476 sive
776 429 869 476 contra
889 435 1089 493 possessorem,

136 505 228 563 iubere
243 523 303 562 eum
318 505 407 574 debet,
432 514 463 560 ut
486 521 542 562 rem
557 508 641 578 ipsam
656 505 781 560 restituat
795 521 855 559 oum
870 501 1012 560 fructibus.
1042 503 1090 558 sed

137 592 160 646 si
181 592 208 644 iu
230 591 363 662 praesenti
391 597 473 662 neget
499 605 528 644 se
549 604 692 661 possessor
713 589 857 644 restituere
878 603 959 660 posse
981 593 1010 642 et
1030 587 1090 642 sine

137 673 311 729 frustratione
323 672 454 730 videbitur
474 681 579 746 tempus
598 671 759 727 restituendi
779 687 857 728 eausa
872 680 980 744 petere,
1001 668 1090 725 indul·

138 757 253 829 gendum
276 765 317 813 est
339 759 378 827 ei,
405 763 436 811 ut
456 764 545 811 tamen
572 755 605 810 de
634 754 689 810 litis
711 756 895 811 aestimatione
916 761 1008 810 careat
1029 769 1091 810 cum

137 839 303 912 fideiussore,
318 842 341 896 si
354 842 424 896 intra
440 847 561 913 tempus,
577 839 649 912 quod
664 839 687 894 ei
703 838 793 894 datum
809 846 867 909 est,
887 855 942 894 non
957 837 1092 894 restituis·

137 932 188 978 set.
220 933 247 979 et
262 926 284 979 si
295 922 428 980 hereditas
439 925 523 996 petita
533 924 577 992 sit,
595 921 686 977 eadem
698 923 767 978 eirca
778 921 883 978 fructus
896 921 1091 992 interveniunt,

139 1023 207 1080 quae
222 1007 334 1064 diximus
348 1007 511 1063 intervenire
530 1008 558 1062 in
572 1005 736 1078 singularum
752 1021 841 1061 rerum
856 998 1008 1078 petitione.¹
1027 1003 1090 1059 itto-

137 1106 197 1148 rum
212 1099 300 1148 autem
315 1091 462 1160 fructuum,
477 1106 545 1162 quos
555 1089 633 1162 culpa
643 1106 691 1144 sua
705 1105 848 1162 possessor
859 1105 913 1144 non
928 1088 1091 1160 perceperit,

138 1175 166 1228 in
178 1183 290 1250 utraque
302 1176 407 1230 notione
418 1174 509 1229 cadem
520 1174 589 1229 ratio
599 1188 682 1246 paene
695 1165 831 1242 hebetur,¹
847 1173 868 1227 si
883 1172 983 1245 praedo
998 1170 1091 1228 inerit.

139 1258 238 1313 sivero
253 1256 322 1312 hona
338 1256 389 1312 fide
404 1273 547 1330 possessor
566 1257 662 1327 inerit,
685 1273 739 1313 non
753 1255 868 1312 hahetur
882 1256 950 1310 ratio
966 1269 1091 1310 consum·

138 1347 248 1414 ptorum
263 1357 350 1413 neque
365 1357 420 1396 non
439 1348 641 1413 perceptorum:
661 1347 725 1412 post
747 1340 897 1396 inchoatam
913 1347 1001 1394 autem
1023 1340 1092 1412 peti·

140 1425 239 1480 tionem
255 1426 334 1480 etiam
348 1423 456 1480 illorum
472 1425 539 1479 ratio
554 1423 681 1494 habetur,
698 1424 743 1496 qui
759 1422 835 1496 culpa
850 1423 1015 1496 possessoris
1031 1437 1091 1494 per·

106 1513 122 1561 3
140 1509 210 1582 cepti
231 1525 286 1563 non
308 1516 372 1563 sunt
392 1507 434 1562 vel
456 1509 573 1581 percepti
588 1509 740 1580 consumpti
762 1514 835 1562 sunt.
871 1505 899 1562 Si
919 1505 951 1561 ad
966 1504 1093 1560 exhiben-

140 1591 202 1646 dum
218 1599 304 1647 actum
320 1592 416 1661 inerit,
437 1607 491 1647 non
511 1589 626 1660 suiiicit,
646 1591 668 1646 si
684 1590 808 1646 exhibeat
820 1606 877 1644 rem
891 1591 931 1660 is,
953 1605 1015 1645 oum
1037 1605 1092 1662 quo

141 1683 228 1731 actum
244 1683 301 1744 est,
322 1674 369 1729 sed
390 1691 458 1746 opus
479 1682 535 1746 est,
556 1683 586 1729 ut
601 1691 657 1730 eam
672 1690 778 1730 oausam
792 1675 831 1728 rei
847 1672 941 1728 debeat
956 1671 1093 1742 exhibere,

138 1757 165 1814 id
182 1767 223 1812 est
238 1766 267 1812 ut
283 1773 338 1812 eam
354 1773 457 1812 causam
473 1757 568 1812 haheat
583 1765 672 1826 actor,
696 1774 774 1830 quam
794 1756 932 1812 habiturus
948 1765 1035 1827 esset,
1057 1757 1093 1826 si,

140 1857 200 1897 oum
215 1841 330 1913 primum
341 1840 373 1896 ad
385 1839 560 1895 exhibendum
576 1842 688 1912 egisset,
702 1839 817 1896 erhihita
834 1856 877 1895 res
893 1841 1002 1896 fuisset:
1017 1838 1092 1895 ideo·

141 1941 194 1997 que
209 1925 231 1978 si
245 1925 315 1979 inter
330 1940 417 1979 moras
433 1931 562 1996 usucapta
577 1925 612 1978 sit
626 1939 669 1978 res
685 1940 699 1978 a
714 1940 888 1996 possessore,
904 1923 987 1979 nihilo
1003 1923 1093 1978 minus

141 2001 389 2064 condemnabitur.³
416 2015 555 2080 praeterea
575 2006 713 2063 fructuum
734 2007 814 2064 medii
835 2009 978 2080 temporis.
1001 2006 1027 2060 id
1051 2015 1094 2062 est

141 2093 214 2162 eius,
237 2085 328 2164 quod³
343 2100 406 2164 post
421 2100 557 2164 acceptum
578 2091 609 2146 ad
625 2089 802 2147 exhibendum
817 2091 943 2146 iudicium
958 2097 1020 2146 ante
1034 2106 1093 2145 rem

141 2175 283 2231 iudicatam
298 2177 465 2246 intercessit,
488 2176 619 2231 rationem
634 2173 730 2230 hahere
753 2172 832 2229 dehet
853 2175 940 2232 iudex.
978 2173 1094 2246 quodsi

141 2267 223 2332 neget
236 2260 274 2330 is,
290 2275 349 2313 cum
364 2275 419 2330 quo
434 2258 466 2312 ad
481 2256 654 2314 exhibendum
670 2267 757 2313 actum
773 2266 830 2327 est,
853 2258 880 2312 in
894 2259 1030 2330 praesenti
1044 2274 1092 2313 er-

142 2341 234 2397 hibere
254 2358 283 2396 se
303 2358 385 2414 posse
406 2350 433 2397 et
454 2350 559 2415 tempus
581 2341 721 2398 exhibendi
742 2357 822 2398 causa
842 2349 915 2413 petat
934 2341 1015 2414 idque
1035 2342 1094 2398 sine

143 2425 318 2480 frustratione
332 2425 469 2497 postulare
485 2425 612 2494 videatur,
629 2424 685 2480 deri
701 2426 725 2480 ei
741 2422 830 2494 dehet,
846 2433 876 2479 ut
891 2432 978 2479 tamen
993 2434 1094 2496 careat,

143 2523 171 2562 se
187 2509 387 2563 restituturum:
409 2507 480 2580 quod
500 2509 522 2562 si
542 2525 630 2580 neque
645 2509 734 2563 statim
749 2509 823 2562 iussu
838 2507 933 2563 iudicis
948 2523 1004 2562 rem
1020 2508 1094 2564 exhi·

143 2590 204 2646 beat
218 2607 304 2664 neque
319 2601 413 2664 postea
433 2590 611 2647 exhibiturum
630 2599 780 2663 secarent,
801 2590 1016 2647 condemnandus
1032 2585 1096 2646 est⁴

109 2680 126 2729 4
143 2675 225 2745 inid,
242 2674 314 2747 quod
335 2675 432 2730 actoris
453 2677 580 2730 intererat
600 2674 632 2730 ah
648 2677 724 2732 initio
740 2691 796 2730 rem
812 2674 954 2731 exhibitam
970 2689 1037 2734 esse.
1066 2674 1095 2731 Si

101 2815 104 2820 ,
143 2759 256 2814 familiae
276 2758 446 2815 erciscundae
467 2757 567 2818 iudicio
589 2766 677 2816 actum
699 2760 750 2832 sit,
772 2757 893 2832 singulas
914 2773 957 2814 res
979 2758 1094 2832 singuiis

210 2951 229 3018 1)
254 2954 317 3004 Wn'
335 2953 366 3004 fit
382 2954 408 3003 B
425 2957 464 3005 ed.
482 2955 531 3004 Kr.
633 2953 654 3017 ²)
676 2954 785 3018 Theoph.
805 2954 1002 3004 condemnetur
1018 2957 1093 3006 codd.

143 3023 200 3072 edd.
218 3021 290 3074 Schr
309 3029 334 3070 et
350 3022 400 3070 Kr.
468 3019 488 3084 ⁸)
513 3019 565 3070 Wb
583 3021 743 3099 quiBWrn
761 3023 801 3075 ed
820 3020 893 3075 Scir.
902 3025 979 3102 quod
995 3024 1096 3072 uidetur

145 3105 179 3139 en
199 3089 331 3166 Theophili
345 3089 427 3138 uerbis
444 3087 493 3138 καὶ
512 3082 579 3147 τοὺς
602 3085 730 3168 supereris
753 3081 785 3138 ds
804 3087 855 3137 τοῦ
873 3085 960 3152 μέσον
979 3081 1093 3153 χρόνον,

142 3153 270 3206 τουτέστι
282 3147 349 3213 τούς
361 3170 433 3220 μετα
422 3147 634 3253 ιιροιιιίιαρξιν
647 3152 729 3219 μέχρι
742 3152 900 3219 καταδικῆς
912 3160 1026 3219 neglecto
1036 3173 1095 3206 sen·

143 3225 222 3272 tentia
232 3226 408 3302 superstitiose
420 3224 549 3272 ιιιιιιιιιιιιι
616 3220 687 3281 ⁴)sie
704 3223 803 3286 quidam
820 3223 894 3272 codd.
913 3224 990 3285 infer.
1008 3239 1095 3274 καττι-

143 3283 353 3409 dttnloscodp'oscou
373 3290 482 3356 Theoph
500 3288 715 3340 condemnandus
733 3290 770 3340 sit
787 3291 860 3342 codd.
878 3296 925 3340 oet.
943 3291 1001 3340 edd.
1018 3289 1095 3343 Scir.

142 3372 156 3404 e
212 3373 227 3406 r
