2492 3896
133 233 236 278 entare
256 235 311 271 non
329 235 379 271 nen
397 235 552 272 ennursenu
569 235 744 272 aasumensi
759 235 860 272 raom
876 223 913 285 ΙΙ,
931 225 970 272 12.
1015 220 1057 284 65

516 420 573 462 TIT.
587 421 642 460 ΧΠ.

97 503 235 569 QUIBUS
247 503 325 556 NON
340 502 408 555 EST
424 503 635 556 PERMISSUM
649 505 892 558 TESTAMENTA
903 506 1055 560 FACERE.

165 625 224 681 Non
234 633 324 682 tamma
333 625 459 682 omnibus
474 626 537 682 lieet
550 626 640 681 lacere
651 633 850 686 testamentum.
879 630 970 684 statim
984 630 1056 684 enirn
1069 639 1105 680 ae.

97 702 159 782 bi,1
176 705 391 782 qrrialieno'iuri
406 709 520 766 subiecti
542 717 622 780 sunt,
642 713 794 766 testamenti
814 711 929 767 faciendi
944 713 986 767 ina
1001 727 1057 768 non

101 792 215 864 habent,
230 793 299 848 adeo
313 793 422 864 quidem
437 802 478 864 ut,
493 795 611 864 quamuis
626 802 753 866 parentes
767 795 808 849 eis
822 796 1001 867 permiserint,
1017 797 1056 850 ni·

98 877 157 933 bilo
169 877 258 950 magis
272 878 331 932 iure
346 878 438 932 testari
453 877 573 948 possint:
594 879 713 950 exeeptis
733 878 792 947 bis,
815 893 884 948 quos
899 886 975 934 antea
987 894 1056 934 enn-

99 962 262 1016 meraaimus
275 968 305 1015 et
319 961 461 1034 praecipue
482 959 622 1029 militibus,
647 962 740 1033 quiin
760 969 895 1034 potestate
916 970 1057 1033 pareutum

101 1052 178 1115 sant,
193 1042 291 1116 quibus
303 1043 337 1098 de
349 1059 393 1115 eo,
406 1043 479 1117 quod
491 1045 518 1099 in
530 1045 625 1099 eastris
636 1043 826 1117 adquisierint,
840 1045 999 1118 permissum
1013 1053 1057 1100 est

101 1144 135 1184 ex
150 1126 392 1183 constitutionibus
407 1127 559 1200 prinoipem
573 1135 764 1184 testamentum
778 1127 874 1187 iacere.
910 1127 982 1200 quod
998 1130 1057 1202 qui·

99 1211 163 1266 dem
184 1211 261 1265 initio
282 1217 385 1265 tantum
408 1210 582 1266 militantibus
597 1211 687 1266 datum
707 1220 751 1267 est
771 1219 824 1266 tam
845 1227 877 1267 en
897 1212 1057 1268 auctoritate

100 1294 156 1350 diri
171 1295 287 1367 Augusti
303 1309 382 1366 quam
397 1293 498 1348 bleraae
513 1310 563 1349 nee
576 1310 630 1350 non
646 1296 739 1366 optimi
750 1295 922 1368 imperatoris
937 1294 1056 1364 'lralani3

99 1385 199 1451 postea
217 1393 282 1433 -rero
302 1376 501 1449 subseriptione
514 1376 568 1431 diri
583 1376 707 1432 Hadriani
722 1379 800 1432 etiam
816 1378 931 1432 dimissis
954 1378 1056 1448 militia,

99 1460 129 1516 id
145 1467 188 1516 ost
207 1461 340 1517 veteranis
360 1475 517 1516 uonoesaum
533 1468 588 1515 ent.
617 1463 708 1533 itaque
729 1461 751 1515 si
769 1459 878 1532 quidem
895 1460 1007 1516 iecerint
1023 1461 1057 1516 de

100 1545 235 1601 caerensi
255 1544 360 1616 maulia
377 1551 582 1617 testamentum,
606 1543 751 1616 pertinebit
765 1543 817 1598 boe
832 1542 865 1598 ad
879 1559 955 1613 eum,
977 1559 1057 1614 quem

100 1627 230 1684 heredem
241 1627 416 1700 reliquerint:
433 1628 534 1682 sirano
548 1628 667 1682 intestati
681 1626 856 1698 decesserint,
872 1626 953 1682 nullis
962 1625 1057 1682 liberis

99 1709 145 1766 rei
166 1709 295 1766 iratribus
310 1709 516 1783 superstitibus,
535 1710 711 1784 adparentes
731 1727 824 1786 eorum
844 1712 903 1766 iure
924 1711 1058 1766 eommuni

99 1793 256 1869 pertinebit.
291 1809 324 1849 en
346 1794 399 1851 boo
413 1794 572 1868 intellegere
583 1811 744 1868 possumne,
766 1793 882 1867 quodie
897 1795 998 1850 ·eaetris
1013 1794 1057 1848 ad

100 1879 226 1952 quisierit
239 1877 325 1948 miles,
340 1879 386 1949 qui
401 1879 427 1933 in
438 1886 572 1951 potestate
586 1880 669 1951 patris
681 1885 733 1949 est,
748 1893 836 1950 neque
850 1879 938 1950 ipsun
953 1885 1058 1951 patrem

99 1961 219 2018 adime
242 1977 321 2034 posse
343 1977 431 2034 neque
448 1962 535 2034 »patris
557 1963 704 2018 oreditores
724 1961 753 2017 id
775 1961 891 2016 vendero
908 1961 953 2016 ¹rel
981 1961 1059 2016 aliter

99 2046 252 2118 inquietare
266 2059 370 2117 neque,
385 2053 460 2117 patre
476 2052 599 2116 mortuo,
616 2061 675 2101 eum
690 2045 817 2100 iratribus
832 2059 891 2099 esse
907 2059 1057 2113 commune,

99 2128 149 2186 aad
165 2127 269 2184 scilieet
283 2128 421 2201 propriu·
437 2129 494 2182 eius
510 2143 570 2183 esse
585 2127 628 2198 id,
651 2127 723 2200 quod
737 2129 766 2182 in
782 2129 876 2182 castris
890 2127 1058 2198 adquisierit,

100 2227 264 2286 quamquam
279 2213 337 2266 iure
351 2211 421 2266 eivili
436 2212 564 2280 omnium,
581 2213 668 2284 quiin
684 2215 818 2284 potestate
832 2219 972 2282 parentum
983 2218 1056 2280 aunt,

99 2295 208 2368 peculia
222 2293 334 2367 perinde
351 2292 470 2349 inbonis
485 2302 833 2366 parentumcomputantur,
849 2295 902 2348 acsi
917 2309 1057 2349 servorum

99 2377 207 2453 peculia
219 2377 246 2433 in
259 2376 334 2432 bonis
347 2377 516 2433 dominorum
530 2387 720 2433 nurnerantur:
735 2379 853 2450 exeeptis
868 2377 990 2433 videlicet
1004 2378 1056 2449 his,

101 2478 172 2536 quae
194 2478 225 2518 ex
240 2463 323 2516 saeris
337 2455 597 2518 constitutionibus²
617 2470 645 2516 et
663 2461 806 2534 praecipue
826 2463 925 2516 nostris
946 2472 1057 2534 propter

100 2547 220 2600 diversas
236 2560 329 2600 causas
345 2561 399 2600 non
414 2544 601 2616 adquiruntur.
630 2553 738 2618 praeter
752 2545 803 2600 bos
825 2545 924 2618 igitur,
948 2546 993 2618 qui
1014 2561 1056 2601 ca-

99 2637 209 2685 strense
223 2627 358 2701 peculium
367 2628 409 2683 rel
422 2630 497 2700 quasi
509 2637 645 2685 castrense
656 2629 764 2698 habent,
779 2629 803 2683 si
820 2629 957 2701 quisalius
973 2627 1056 2682 lilius·

100 2712 216 2768 familias
232 2717 420 2767 testamentum
436 2710 544 2785 leoerit,
564 2712 660 2768 inutile
675 2722 731 2783 est,
753 2713 816 2768 licet
836 2729 899 2768 suae
914 2713 1055 2784 potestatis

99 2795 189 2852 tetus
209 2795 364 2850 decesserit.
393 2795 532 2851 Praeterm
552 2805 742 2852 testamentum
759 2795 848 2851 iacere
867 2811 921 2850 aon
942 2801 1088 2867 possuntt

100 2878 265 2952 impuberes,
281 2881 343 2952 quia
352 2878 457 2934 mollum
465 2895 560 2934 sorum
574 2881 654 2936 animi
662 2880 790 2936 indioium
800 2886 859 2946 ιιι,
871 2880 937 2932 item
949 2877 1055 2949 furiosi,

100 2963 162 3035 quia
174 2970 267 3020 ruente
282 2971 384 3018 emerit
419 2978 470 3018 neo
491 2963 523 3018 ad
545 2979 601 3019 rem
622 2964 755 3036 pertinet,
777 2963 799 3016 si
819 2959 941 3034 impubes
962 2968 1055 3034 postea

100 3045 188 3120 pubes
201 3046 290 3102 laetus
309 3055 354 3101 aut
375 3046 493 3101 larriosus
513 3055 607 3119 postea
627 3062 737 3120 conopes
757 3047 855 3100 mentis
871 3044 957 3099 laetus
973 3044 1056 3099 inerit

100 3139 128 3185 et
150 3129 306 3187 decesserit.
344 3130 440 3186 furiosi
455 3138 542 3186 autem
562 3131 585 3185 si
601 3146 651 3203 per
670 3129 697 3185 id
719 3138 825 3202 tempus
843 3128 957 3184 iecerint
972 3135 1055 3185 testa-

170 3341 189 3403 1)
209 3338 550 3408 qui....poaaint1?ere=
562 3344 595 3392 L.
610 3343 630 3392 ’6
645 3359 688 3406 pr.
706 3344 737 3391 D.
757 3343 873 3407 quidest.
889 3341 942 3404 fue.
962 3341 1014 3404 (28,
1029 3338 1054 3404 1)

100 3426 135 3460 eae
154 3409 291 3461 daneta
308 3411 479 3473 odedproa.
548 3407 570 3471 ²)
587 3411 613 3458 ιἰι
631 3412 679 3459 titt.
698 3409 727 3464 0.
746 3409 778 3460 de
796 3409 868 3460 boaria
883 3415 943 3460 mat.
961 3405 997 3476 (6,
1010 3407 1053 3472 60)

100 3480 132 3527 de
150 3477 231 3540 bonis,
251 3492 314 3541 quae
331 3476 371 3526 lib.
391 3474 431 3542 (6,
448 3473 499 3540 61).

134 3573 285 3610 wasnaum
303 3575 511 3611 rarsmuvnronns
885 3561 901 3610 b
