2472 3896
147 154 190 220 22
278 172 324 214 our
340 171 408 208 oser
426 171 551 208 aurosus
569 170 750 208 resumere
767 171 877 208 rossusr
894 153 918 221 i,
937 159 975 212 14.

148 311 280 370 tuendum
294 328 366 383 eum,
388 313 435 386 qui
455 320 568 386 propter
587 319 701 368 aetatem
715 327 745 368 se
759 310 903 368 detentere
917 313 1022 384 nequit,
1043 311 1115 368 iure

115 401 131 449 2
148 396 218 454 oiriii
239 395 298 452 data
319 413 350 452 ae
363 397 502 469 permissa.
532 395 648 452 Tutores
663 403 752 452 autem
767 403 847 460 sunt,
871 396 917 469 qui
932 411 989 452 eam
1005 394 1059 452 vim
1077 411 1115 452 ae

147 488 310 554 potestatem
332 479 441 552 habent,
463 471 566 553 eane¹
590 495 620 535 re
642 481 700 552 ipsa
720 494 820 536 nomen
841 485 981 552 oeperunt.
1011 479 1114 552 itaque

149 563 319 637 appellantur
332 571 439 619 tutores
451 563 528 636 quasi
543 565 658 620 tuitores
669 571 749 636 atque
764 561 932 632 defensores,
947 563 1017 620 sieut
1031 561 1113 620 aedi·

115 647 189 702 ttni
204 647 340 719 dicuntur,
363 647 408 720 qui
430 646 508 702 aedes
531 655 652 703 tuentur.
682 640 862 702 ²Perm'usum
882 654 926 706 est
944 648 1035 720 itaque
1056 662 1113 719 pa·

148 729 280 803 rentibus,
294 730 386 787 liberis
400 729 592 804 impuberibus,
614 747 682 804 quos
698 731 725 786 in
740 736 874 803 potestate
889 728 998 798 habent,
1019 738 1112 786 testa·

149 821 240 870 mento
255 821 360 870 tutores
381 813 453 870 dare.
484 822 512 870 et
533 815 586 870 hoe
606 815 634 868 in
655 811 711 870 filio
733 811 840 886 filiaque
863 813 1017 872 omnimodo
1039 829 1113 887 pro·

151 896 236 971 eedit3
256 897 399 972 nepotibus
421 907 509 954 tamen
530 896 710 970 neptibusque
724 897 762 953 ita
777 896 883 955 demum
898 906 1024 972 parentes
1039 913 1113 972 pos-

150 989 215 1038 sunt
229 989 391 1038 testamento
407 988 513 1037 tutores
528 980 602 1050 dare,
621 982 645 1036 si
659 987 851 1054 postmortem
867 997 961 1038 eorum
976 983 1004 1039 in
1018 983 1111 1056 patris

149 1067 193 1122 sui
206 1072 369 1139 potestatem
388 1080 443 1120 non
464 1065 520 1120 sint
537 1065 664 1122 recasuri.
699 1066 790 1138 itaque
805 1065 828 1120 si
843 1063 915 1122 iilius
930 1074 994 1122 tuus
1009 1066 1112 1122 mortis

150 1156 213 1204 tuae
227 1157 350 1222 tempore
365 1149 393 1204 in
407 1154 542 1221 potestate
556 1156 602 1204 tua
616 1149 662 1219 sit,
680 1156 794 1222 nepotes
809 1165 842 1204 ex
856 1164 890 1205 eo
905 1165 959 1204 non
975 1156 1112 1222 poterunt

151 1238 313 1287 testamento
328 1238 377 1286 tuo
392 1237 510 1286 tutorem
525 1229 631 1303 habere,
653 1233 773 1306 quamvis
792 1233 819 1288 in
834 1240 970 1305 potestate
986 1241 1030 1289 tua
1045 1231 1105 1288 iue-

151 1315 221 1383 rint3
243 1313 346 1370 seiiieet
362 1314 423 1387 quia
438 1322 546 1370 mortuo
561 1323 589 1372 te
604 1317 631 1372 in
646 1317 729 1389 patris
750 1317 792 1372 sui
807 1323 970 1389 potestatem
984 1318 1110 1374 recasuri

118 1408 135 1456 4
152 1406 227 1457 sunt.
256 1397 321 1454 Com
336 1406 424 1454 autem
440 1399 467 1456 in
479 1399 663 1473 compluribus
677 1399 735 1456 aliis
750 1401 838 1456 eausis
852 1401 971 1473 postumi
986 1416 1036 1474 pro
1051 1401 1108 1456 iam

152 1483 220 1538 natis
243 1481 392 1553 habentur,
414 1491 441 1539 et
461 1483 488 1539 in
509 1484 560 1539 hae
579 1500 659 1540 eausa
680 1483 778 1556 placuit
798 1499 853 1538 non
867 1485 955 1542 minus
970 1485 1108 1558 postumis

152 1582 230 1639 qnam
245 1567 295 1622 iam
318 1568 387 1622 natis
407 1574 567 1623 testamento
590 1574 695 1623 tutores
710 1567 765 1622 dari
780 1582 877 1640 posse,
897 1568 1015 1624 simodo
1030 1569 1058 1624 in
1074 1583 1105 1624 ea

152 1651 315 1719 causamur,
336 1657 382 1720 ut,
403 1651 425 1704 si
446 1649 510 1704 vivis
526 1650 681 1722 parentibus
696 1659 885 1718 nascerentur,
906 1653 948 1707 sui
971 1660 999 1708 et
1012 1653 1039 1707 in
1055 1668 1105 1725 po·

118 1745 133 1792 e
152 1740 248 1788 testate
268 1749 361 1788 eorum
384 1730 488 1788 flerent.
526 1732 578 1789 Sed
598 1734 621 1789 si
637 1735 802 1806 emancipato
824 1732 879 1790 iilio
900 1741 977 1791 tuton
997 1743 1104 1808 epatre

151 1823 311 1874 testamento
326 1814 403 1871 datus
418 1814 516 1886 inerit,
537 1815 734 1874 confirmandus
750 1825 792 1876 est
806 1833 839 1875 et
855 1820 989 1878 sententia
1003 1820 1105 1894 praesi-

150 1899 191 1956 dis
207 1898 377 1972 omnimodo,
392 1898 418 1955 id
432 1906 473 1956 est
488 1901 545 1956 sine
559 1901 742 1974 inquisitione.

560 2129 617 2170 ΤΠ.
631 2129 693 2171 x1v.

226 2229 290 2291 QUI
307 2229 396 2279 DARI
412 2229 576 2282 TUTORES
593 2231 835 2283 TESTAMENTO
853 2227 1025 2283 POSSUNT.

102 2373 137 2414 es.
214 2365 274 2421 Dari
286 2374 372 2420 autem
385 2375 475 2438 potest
490 2375 565 2423 tutor
576 2385 630 2423 non
645 2369 733 2424 seium
748 2367 946 2441 paterfamilias,
962 2369 1009 2426 sed
1024 2371 1103 2428 etiam

120 2456 132 2501 1
152 2447 344 2505 filiusfamilias.
375 2449 426 2505 Sed
438 2456 466 2504 et
481 2467 573 2506 servus
588 2453 714 2525 proprius
730 2460 890 2510 testamento
905 2470 967 2511 eum
981 2453 1104 2511 libertate

152 2541 226 2589 reete
242 2540 316 2588 tutor
330 2531 387 2587 dari
403 2540 504 2607 potest.
536 2535 583 2590 sed
598 2535 735 2592 sciendum
750 2544 808 2607 est,
829 2552 889 2592 eum
910 2547 937 2594 et
951 2539 1010 2595 sine
1024 2537 1103 2594 liber·

151 2624 206 2672 tate
222 2624 338 2672 tutorem
348 2615 438 2671 datum
451 2619 531 2674 tacite
542 2627 570 2673 et
581 2616 730 2675 libertatem
742 2619 867 2676 directam
876 2623 1009 2695 accepisse
1020 2622 1103 2678 videri

150 2708 178 2757 et
189 2717 238 2775 per
248 2700 301 2756 hoo
311 2708 385 2756 reete
398 2708 515 2756 tutorem
527 2718 595 2758 esse.
623 2701 700 2775 piane
714 2704 737 2760 si
752 2719 801 2777 per
810 2720 929 2762 errorem
945 2708 1021 2779 quasi
1034 2704 1104 2762 iiber

151 2792 227 2841 tutor
238 2784 315 2840 datus
327 2785 371 2854 sit,
388 2783 460 2840 alind
470 2784 610 2840 dicendum
623 2794 674 2847 est.
705 2803 800 2844 servus
814 2796 904 2845 autem
918 2789 1020 2848 alienus
1034 2806 1102 2863 pure

151 2869 283 2925 inutiliter
291 2868 369 2925 datur
378 2875 539 2925 testamento
556 2876 646 2924 tutor:
662 2869 709 2926 sed
723 2871 760 2927 ita
777 2887 840 2930 oum
854 2890 947 2932 utone
960 2889 1034 2932 nnrn
1048 2875 1101 2930 uti·

152 2951 214 3008 liter
228 2953 315 3009 datur.
349 2954 478 3028 proprius
493 2959 582 3008 autem
601 2969 694 3009 servus
710 2955 843 3014 inutiliter
858 2949 912 3013 eoa
928 2958 1009 3014 modo
1024 2957 1101 3014 datur

113 3037 133 3086 2
152 3039 237 3092 tutor.
273 3035 401 3091 Furiosus
421 3035 463 3092 vei
484 3037 572 3091 minor
591 3038 684 3110 viginti
705 3041 823 3114 quinque
838 3043 913 3097 annis
930 3049 1005 3097 tutor
1020 3048 1101 3096 testa·

218 3278 239 3344 1)
258 3280 303 3330 Em
325 3281 383 3344 Dip.
409 3287 434 3330 et
459 3282 568 3347 Titeopii.
591 3299 625 3334 ox
648 3301 702 3350 que
723 3287 798 3336 codd.
822 3286 881 3340 edd.
909 3287 983 3338 Seite.
1005 3295 1031 3340 ei
1053 3288 1100 3342 Kr.

150 3345 171 3409 ²)
189 3347 228 3410 65.
246 3349 270 3398 3.
288 3351 313 3398 4.
326 3368 360 3388 ==
374 3347 429 3398 Gai.
444 3350 467 3412 1,
487 3353 542 3404 144.
562 3354 619 3402 146.
639 3355 687 3404 147
705 3360 762 3407 snut.
832 3350 853 3414 ³)
865 3373 898 3396 ι-
910 3355 943 3408 L.
962 3357 1001 3408 14.
1021 3356 1053 3407 D.
1071 3359 1101 3406 de

148 3421 247 3464 testam.
266 3420 311 3464 tut.
328 3412 380 3479 (26,
399 3416 425 3480 2)
443 3433 478 3467 em
497 3419 626 3470 Marciani
642 3423 658 3470 l.
678 3421 791 3470 tinette.
