2492 3896
129 188 171 250 74
332 202 368 236 ma
385 198 533 235 euernnnsr
550 195 757 236 sunsmrurrours
776 185 817 247 ll,
830 186 869 235 16.

128 344 209 399 heres
224 341 396 402 substitutus.
433 356 494 396 nam
509 338 628 396 moribus
642 341 794 395 institutum
809 347 868 410 est,
883 347 931 413 ut,
946 355 1007 396 euru
1023 341 1082 396 eius

130 428 224 484 aetatis
240 434 318 494 sunt,
339 427 366 480 ln
381 440 433 496 qua
448 425 500 497 ipsi
514 424 565 481 sibi
580 431 768 479 testamentum
784 422 871 479 lacere
886 441 941 480 non
955 432 1081 496 possunt,

96 515 109 564 1
129 517 253 584 parentes
268 510 307 564 eis
321 507 428 564 iaciant.
466 505 522 574 Qua
543 507 647 563 ratione
669 509 790 578 excitati,
810 508 889 563 etiam
908 508 1081 564 constitutio·

129 587 209 650 nem¹
225 594 362 648 innostro
380 591 518 666 posuimus
533 590 641 662 codiee,
664 607 715 665 qua
729 601 902 664 prospectum
918 599 974 662 est,
995 598 1042 660 nt,
1059 592 1082 647 si

130 685 218 733 mente
234 683 327 749 oaptos
345 675 460 730 habeant
480 672 550 730 filios
565 673 607 730 vel
622 683 734 748 nepotes
756 674 798 731 vel
813 683 978 748 pronepotes
993 675 1082 730 cuius·

129 775 244 834 cumque
266 775 345 815 sexus
368 758 409 814 vel
430 758 542 831 gradus,
565 757 645 814 lineet
666 761 718 829 eis,
747 760 798 814 etsi
820 757 934 831 puberes
956 760 1026 830 sint,
1049 757 1083 814 ad

129 843 279 916 exemplum
294 841 433 916 pupillaris
444 841 645 898 substitutionis
658 850 744 898 certas
756 857 884 915 personas
899 841 1080 898 substituere:

129 929 171 982 sin
185 933 274 982 autern
288 926 466 999 resipuerint,
481 925 590 981 eandem
605 923 822 981 substitutionem
836 923 973 995 infirmari,
988 933 1016 982 et
1029 927 1082 982 hoa

128 1011 160 1066 ad
176 1011 325 1084 exemplum
341 1009 477 1084 pupillaris
498 1006 713 1080 substitutionis,
733 1024 814 1081 quae,
835 1018 977 1083 postquam
992 1009 1082 1083 pupil-

96 1101 111 1147 2
129 1094 171 1150 lus
192 1093 352 1164 adoleverit,
371 1090 528 1148 infirmatur.
573 1086 678 1165 ²lgitur
696 1093 724 1148 in
744 1092 870 1165 pupillari
889 1091 1083 1149 substitutione

130 1177 276 1234 seeundum
297 1175 446 1250 praelatum
466 1175 575 1232 modum
596 1175 716 1232 ordinata
737 1176 790 1231 duo
806 1175 1003 1250 quodammodo
1018 1184 1084 1233 sunt

132 1267 301 1330 testamenta,
316 1259 428 1315 alterum
443 1260 535 1332 patris,
551 1258 663 1315 alterum
679 1257 736 1329 filii,
751 1267 885 1332 tamquam
901 1261 923 1315 si
938 1261 996 1333 ipse
1009 1258 1082 1316 filius

130 1344 181 1400 sibi
201 1343 327 1400 heredem
348 1344 523 1400 instituisset:
551 1351 597 1399 aut
624 1352 698 1399 certe
725 1359 807 1399 unum
828 1352 871 1399 est
892 1351 1082 1399 testamentum

96 1437 112 1486 3
131 1428 243 1484 duarum
264 1444 415 1498 causarum,
436 1427 463 1482 id
484 1435 526 1483 est
546 1425 658 1482 duarum
674 1426 860 1483 hereditatum.
906 1419 971 1482 8Sin
993 1435 1082 1483 autem

131 1513 191 1586 quis
206 1513 243 1566 ita
258 1510 449 1567 formidolosus
464 1511 510 1582 sit,
525 1518 557 1566 ut
570 1512 688 1581 timeret,
702 1526 737 1565 ne
752 1509 887 1566 filiuseius
902 1509 1021 1584 pupillus
1037 1511 1082 1567 ad·

129 1596 184 1652 huo
199 1611 230 1650 er
246 1611 294 1666 eo,
310 1593 383 1667 quod
398 1594 484 1668 palam
499 1593 674 1649 substitutum
690 1595 806 1666 aceepit,
828 1601 892 1667 post
907 1593 1009 1650 obitum
1025 1596 1082 1650 eius

130 1678 252 1751 periculo
268 1677 422 1733 insidiarum
438 1677 621 1732 subiceretur:
635 1676 772 1748 vulgarem
788 1677 895 1750 quidem
910 1676 1083 1733 substitutio·

131 1777 192 1817 nem
207 1760 293 1833 palam
307 1760 396 1816 iacere
410 1768 437 1815 et
453 1760 480 1815 in
495 1761 586 1832 primis
602 1761 755 1816 testamenti
768 1760 890 1833 partibus
905 1759 995 1832 debet,
1010 1761 1082 1816 illam

131 1853 219 1899 autem
234 1843 470 1912 substitutionem,
490 1859 631 1917 perquam
647 1851 675 1898 et
694 1845 716 1898 si
737 1845 814 1900 heres
830 1846 948 1900 extiterit
962 1845 1083 1918 pupillus

132 1934 160 1983 et
174 1929 245 1983 intra
259 1925 426 2001 pubertatem
441 1926 602 1997 decesserit,
623 1925 785 1982 substitutus
799 1938 927 2002 vocatur,
941 1931 1083 2001 separatim

132 2012 160 2066 ln
175 2010 347 2066 inferioribus
367 2008 488 2084 partibus
509 2008 625 2066 scribere
646 2025 756 2082 eamque
776 2020 879 2084 partem
900 2013 1010 2085 proprio
1026 2012 1083 2069 lino

132 2095 293 2168 propriaque
307 2111 367 2150 cera
379 2094 537 2168 consignare
549 2095 612 2150 etin
623 2095 714 2167 priore
725 2102 801 2167 parte
812 2096 968 2151 testamenti
978 2111 1082 2168 cavere,

132 2195 166 2235 ne
180 2178 321 2236 inferiores
340 2177 445 2235 tabulae
465 2179 524 2234 vivo
540 2175 595 2234 lilio
615 2186 642 2234 et
664 2177 751 2233 adhue
766 2177 904 2250 impubere
918 2181 1081 2252 aperiantur.

131 2261 199 2318 illud
213 2262 298 2336 palam
314 2268 365 2332 est,
380 2278 435 2317 non
449 2262 509 2317 ideo
525 2263 612 2317 minua
624 2261 711 2318 valere
726 2259 946 2317 substitutionem
961 2261 1083 2334 impube·

132 2345 168 2400 ris
183 2344 247 2414 lilii,
263 2345 335 2418 quod
350 2347 377 2400 in
390 2344 486 2400 iisdem
501 2343 598 2400 tabulis
614 2346 712 2416 scripta
727 2346 772 2415 sit,
788 2343 886 2418 quibus
901 2344 951 2400 sibi
967 2346 1082 2418 quisque

132 2426 258 2483 heredem
279 2429 457 2497 instituisset,
485 2429 602 2500 quamvis
631 2428 682 2484 hoa
707 2428 811 2500 pupillo
837 2427 1017 2501 periculosum
1039 2431 1083 2488 sit

99 2520 115 2567 4
134 2505 210 2566 4Νοιι
225 2509 313 2566 solum
328 2519 416 2566 autem
430 2509 572 2566 heredibus
592 2512 723 2566 institutis
742 2510 924 2584 impuberibus
940 2511 1028 2568 liberis
1044 2513 1082 2568 ita

132 2593 294 2650 substituere
309 2601 434 2666 parentes
449 2604 578 2668 possunt,
597 2602 628 2650 ut
642 2603 669 2650 et
684 2596 706 2649 si
721 2595 833 2651 heredes
848 2597 887 2650 eis
903 2596 1041 2652 extiterint
1055 2605 1084 2652 et

132 2687 195 2734 ante
209 2677 377 2751 pubertatem
390 2678 490 2733 mortui
503 2678 614 2750 luerint,
629 2679 664 2733 sit
679 2679 717 2733 eis
733 2678 811 2734 heres
827 2680 858 2750 is,
877 2696 955 2752 quem
970 2680 1021 2753 ipsi
1036 2696 1082 2736 vo·

131 2760 246 2834 luerint,
261 2760 309 2816 sed
324 2761 404 2817 etiam
419 2761 594 2816 exheredatis.
631 2762 721 2834 itaque
736 2777 768 2817 eo
784 2778 847 2818 oasu
862 2763 964 2836 siquid
978 2763 1081 2836 pupillo

132 2861 164 2900 ex
173 2844 366 2902 hereditatibus
378 2844 506 2918 legatisve
518 2843 758 2901 autdonationibus
774 2847 986 2918 propinquorum
1001 2856 1083 2918 atque

131 2930 276 2985 amicorum
288 2929 449 3001 adquisitum
461 2927 551 2998 luerit,
566 2927 593 2983 id
606 2944 684 2984 omne
695 2927 727 2983 ad
744 2928 919 2986 substitutum
933 2925 1082 3003 pertinet⁵

130 3028 313 3085 quaecumque
336 3012 450 3067 diximus
480 3011 512 3067 de
534 3010 726 3068 substitutione
746 3011 914 3086 impuberum
937 3012 1082 3070 liberorum

197 3238 217 3304 ¹)
235 3242 267 3291 L.
287 3243 311 3293 9.
331 3241 358 3292 O.
378 3243 410 3292 de
426 3241 517 3306 impub.
536 3248 561 3291 et
577 3243 634 3292 aliis
652 3239 687 3305 (6,
706 3241 759 3305 26).
828 3241 849 3308 ²)
865 3244 1038 3306 sere=Goi.
1057 3246 1082 3303 2,

131 3308 179 3357 180
196 3309 260 3360 med.
328 3306 350 3373 3)
419 3309 522 3371 darn,
542 3310 588 3359 181
607 3317 664 3362 mat.
745 3306 767 3372 ⁴¹)
783 3309 842 3371 sere
858 3331 892 3352 --
911 3310 965 3361 Gai.
983 3313 1006 3368 2,
1026 3312 1083 3361 182.

129 3376 187 3424 183.
272 3374 292 3437 ⁶)
309 3377 346 3426 sie
364 3377 462 3441 quidum
479 3376 552 3426 codd.
570 3377 646 3439 inser.
670 3392 721 3426 eom
741 3376 804 3426 Gaio
826 3385 853 3426 et
876 3377 987 3442 Tbeoplt.
1005 3369 1085 3428 ttsd·

130 3454 210 3491 σεται
227 3439 363 3505 pertineat
379 3444 452 3494 codd.
471 3450 519 3493 vet.
537 3443 595 3493 edd.
614 3443 687 3494 θοὴν.
705 3451 731 3494 et
747 3443 796 3496 Kr.
