2492 3896
270 201 305 235 ura
322 199 594 236 urnuroornrrsssnus
611 200 829 236 munrusurnus
846 186 885 249 11,
904 189 944 237 23.
1046 184 1087 248 93

136 355 226 395 eorum
239 340 321 397 iactus
334 347 386 409 est,
402 349 432 396 ut
440 339 566 414 paulatim
579 341 657 396 etiam
673 350 785 413 praetor
797 342 925 414 proprius
937 349 1086 413 crearetur,

135 425 178 494 qui
193 421 403 480 fideicommissis
416 424 458 480 ius
474 424 591 496 diceret,
606 441 685 496 quem
701 422 977 480 fideicommissariam
996 425 1087 498 appel·

134 506 230 566 labant.

194 585 334 664 ¹lnprimis
348 589 432 662 igitur
447 591 584 646 sciendum
605 598 664 662 est,
680 607 748 664 opus
764 607 839 663 esse,
854 599 885 647 ut
899 591 995 663 aliquis
1011 598 1085 648 recto
1104 600 1119 647 2

133 674 189 730 iure
203 680 366 730 testamento
382 673 459 729 heres
474 674 631 731 instituatur
645 676 757 748 eiusque
769 673 831 731 fidei
845 677 1039 746 committatur,
1057 683 1087 731 ut

133 773 186 812 cam
197 758 375 814 hereditatem
387 756 430 812 alii
441 759 581 814 restituat:
597 758 716 831 alioquin
727 758 822 814 inutile
834 766 874 815 est
886 766 1085 830 testamentum,

133 842 158 897 in
172 859 229 914 quo
243 858 323 898 nemo
337 841 415 896 heres
435 843 595 898 instituitur.
639 858 699 898 cum
719 843 804 915 igitur
825 842 919 913 aliquis
934 844 1085 915 scripserit:

132 941 241 984 cuorus
259 939 365 982 murus
379 939 479 982 raum
491 941 579 990 nsro,
596 926 697 998 poterit
712 925 829 981 adicere:
846 941 931 984 noco
947 943 997 997 uu,
1012 942 1086 983 uuor

133 1025 210 1080 urus,
228 1025 286 1075 uu,
304 1023 367 1065 cum
381 1025 501 1066 neruum
515 1023 622 1067 rossrs
636 1024 860 1066 apenninarum
875 1023 962 1064 uuam
977 1024 1085 1081 norun,

132 1107 192 1150 nau
207 1108 285 1150 cero
301 1107 371 1149 suro
385 1107 524 1162 monus,
545 1107 725 1151 musmones.
761 1099 956 1166 potestantem
972 1094 1086 1165 quisque

134 1176 212 1232 etde
234 1183 313 1248 parte
334 1175 499 1230 restituenda
521 1175 647 1232 heredem
662 1192 773 1250 rogare:
796 1185 822 1232 et
845 1175 958 1232 liberum
980 1184 1022 1231 est
1043 1175 1086 1232 vel

133 1276 197 1331 pure
212 1259 258 1315 vel
272 1258 323 1314 sub
338 1258 496 1314 condicione
510 1259 664 1334 relinquere
684 1258 920 1316 fideicommissum
939 1260 982 1316 vel
997 1275 1028 1314 er
1043 1259 1086 1316 die

132 1349 216 1400 certo.

192 1427 326 1483 Restituta
342 1433 431 1481 autem
445 1424 604 1496 hereditate,
618 1427 642 1481 is
657 1425 780 1499 quidem,
795 1427 841 1498 qui
856 1427 985 1497 restituit,
1001 1427 1084 1482 nihilo
1103 1419 1119 1466 3

133 1511 217 1567 minus
234 1511 312 1566 heres
327 1517 479 1581 permanet:
500 1511 523 1564 is
543 1525 624 1582 vero,
648 1510 693 1581 qui
715 1510 810 1582 recipit
824 1508 1019 1586 hereditatem,
1039 1508 1084 1564 ali·

134 1593 239 1664 quando
255 1593 361 1648 heredis
377 1591 519 1664 aliquando
540 1593 661 1666 legatarii
676 1592 736 1649 loco
751 1591 908 1648 habebatur.
947 1591 979 1648 lit
994 1595 1020 1647 in
1036 1592 1085 1648 Ne·
1103 1588 1119 1634 4

132 1679 204 1733 rouis
221 1678 329 1750 quidem
350 1676 515 1748 temporibus
535 1675 668 1732 Trebellio
684 1676 794 1733 Maximo
816 1684 844 1733 et
863 1678 971 1733 Annaeo
986 1676 1086 1732 Seneca

133 1761 289 1818 consulibus
303 1759 567 1816 senatusconsultum
587 1760 685 1816 iactum
701 1767 757 1831 est,
780 1776 834 1833 quo
850 1769 957 1816 cautum
972 1769 1029 1831 est,
1045 1766 1085 1830 ut,

134 1846 155 1899 si
170 1838 235 1902 cui²
256 1843 391 1899 hereditas
411 1858 444 1898 er
465 1841 662 1900 fideicommissi
681 1861 760 1900 causa
780 1845 907 1902 restituta
921 1847 970 1914 sit,
994 1861 1085 1900 omnes

134 1930 267 1997 actiones,
283 1943 350 1999 quae
364 1928 422 1982 iure
436 1926 506 1982 civili
522 1927 612 1983 heredi
628 1935 655 1982 et
669 1930 696 1986 in
711 1928 836 1984 heredem
851 1936 1047 2002 competerent,
1062 1929 1087 1982 ei

134 2014 201 2068 etin
217 2027 280 2068 eum
295 2010 438 2080 darentur,
453 2011 496 2066 cui
512 2027 543 2065 er
558 2010 764 2067 fideicommisso
778 2013 903 2067 restituta
919 2019 991 2066 esset
1006 2011 1085 2066 bere·

134 2093 209 2152 ditas.
255 2100 318 2167 post
332 2093 404 2166 quod
419 2093 683 2150 senatusconsultum
701 2101 811 2168 praetor
833 2095 912 2149 utiles
928 2095 1045 2150 actiones
1060 2093 1086 2148 ei

136 2181 202 2235 etin
217 2195 290 2248 eum,
305 2179 351 2249 qui
365 2177 468 2250 recepit
482 2177 667 2248 hereditatem,
684 2179 759 2248 quasi
773 2177 866 2233 heredi
877 2185 904 2233 et
918 2178 945 2232 in
960 2176 1085 2232 heredem

135 2261 196 2318 dare
212 2263 312 2334 coepit.
348 2259 401 2316 Sed
417 2261 478 2333 quia
494 2260 605 2316 heredes
620 2260 730 2333 scripti,
746 2277 807 2317 cum
821 2268 868 2316 aut
882 2269 967 2316 totam
981 2261 1086 2316 heredi·
1104 2258 1118 2305 5

135 2354 216 2404 tatem
232 2354 278 2400 aut
291 2360 377 2418 paene
391 2351 474 2399 totam
489 2343 647 2417 plerumque
661 2346 803 2400 restituere
817 2344 998 2418 rogabantur,
1014 2345 1087 2400 adire

136 2428 310 2486 hereditatem
332 2427 365 2483 ob
379 2427 482 2483 nullum
503 2427 544 2484 vel
563 2429 700 2483 minimum
715 2428 819 2484 lucrum
834 2429 992 2486 recusabant
1007 2437 1087 2501 atque

137 2513 169 2569 ob
179 2512 206 2569 id
222 2511 448 2584 extinguebantur
462 2509 680 2586 fideicommissa3
697 2521 792 2586 postea
804 2512 957 2586 Vespasiani
972 2514 1087 2584 Augusti

136 2594 302 2670 temporibus
322 2593 425 2668 Pegaso
446 2604 473 2650 et
486 2593 604 2651 Pusione
623 2595 776 2652 consulibus
792 2607 900 2653 senatus
916 2598 1036 2667 censuit,
1056 2604 1086 2650 ut

137 2688 178 2752 et,
198 2681 245 2752 qui
266 2687 378 2751 rogatus
399 2686 470 2734 esset
491 2679 666 2735 hereditatem
681 2681 841 2749 restituere,
861 2680 972 2754 perinde
993 2679 1087 2734 liceret

138 2770 258 2836 quartam
269 2770 372 2835 partem
383 2763 508 2831 retinere,
526 2770 606 2835 atque
618 2762 679 2836 lege
687 2763 801 2820 Falcidia
812 2779 845 2818 ex
860 2763 957 2836 legatis
969 2763 1086 2818 retinere

137 2846 302 2904 conceditur.
329 2862 361 2900 ex
370 2845 483 2919 singulis
494 2861 602 2918 quoque
613 2846 704 2918 rebus,
717 2861 783 2919 quae
794 2861 843 2918 per
854 2844 1086 2900 fideicommissum

137 2931 337 3001 relinquuntur,
353 2929 443 2985 eedem
454 2929 571 2984 retentio
583 2932 711 3002 permissa
723 2936 773 2984 est.
804 2937 866 3001 post
878 2928 950 3002 quod
966 2936 1087 2984 senatus·

138 3013 290 3069 consultum
305 3014 362 3085 ipse
376 3014 455 3069 heres
471 3027 551 3068 onera
566 3012 726 3068 hereditaria
741 3011 903 3068 sustinebat:
925 3011 971 3067 ille
986 3019 1086 3083 autem,

139 3099 185 3170 qui
200 3113 232 3153 ex
247 3093 453 3152 fideicommisso
469 3097 570 3168 recepit
584 3103 688 3168 partem
703 3095 874 3168 hereditatis,
890 3096 1012 3169 legatarii
1027 3113 1086 3170 par·

141 3182 208 3237 tiarii
221 3181 281 3237 loco
297 3189 367 3250 erat,
388 3179 414 3234 id
435 3187 477 3236 est
497 3180 553 3235 eius
574 3179 711 3250 legatarii,
731 3181 774 3234 cui
789 3196 849 3252 pars
865 3179 997 3236 bonorum
1013 3179 1086 3254 lega·

146 3311 338 3320 ——.--—-·

206 3376 225 3440 1)
237 3379 276 3439 ἐξ.
289 3380 304 3427 2
318 3413 323 3426 .
336 3378 454 3440 ..lisere
466 3398 499 3418 ==
513 3377 568 3426 Gai.
583 3377 608 3439 2,
621 3377 678 3429 248.
694 3378 753 3426 250,
773 3377 830 3427 261.
844 3379 909 3428 253.
923 3414 928 3426 .
940 3379 1013 3429 258.
1066 3375 1087 3441 ²)

143 3443 196 3496 Gai.
218 3445 327 3510 Theoph.
347 3446 392 3494 cui
409 3461 454 3495 om.
472 3445 545 3495 codd.
564 3445 623 3495 edd.
642 3443 715 3493 Schr.
735 3449 761 3493 ei
778 3444 829 3494 Kr.
