2492 3896
169 195 211 260 52
475 212 512 246 nn
529 209 735 246 nonsrrouueus
748 197 784 254 11,
799 198 823 246 7.

169 352 226 410 redi
247 360 274 409 et
300 351 435 408 bonorum
454 353 621 424 possessori,
643 351 706 408 licet
731 351 884 426 ignor-enti,
908 349 1049 422 possessio
1074 365 1144 404 non

170 436 291 510 prodest.
323 435 395 508 quod
415 442 508 491 nostre
530 427 706 492 constitutio¹
722 434 846 490 similiter
866 440 894 489 et
914 435 942 488 in
958 433 1146 505 usucapioni-

123 525 154 574 13
171 519 222 575 bus
237 518 372 575 obmrrnri
387 519 545 589 constituit,
566 528 596 574 ut
612 527 732 591 temporo
747 518 948 574 continuentur.
978 515 1052 570 lnter
1068 533 1144 572 ven-

171 603 285 659 ditorem
298 618 406 674 quoque
420 611 448 658 et
462 611 610 676 emptorem
625 603 754 676 coniungi
769 609 901 674 tempore,
923 593 995 656 divi²
1013 597 1142 656 Severus

174 693 201 742 et
215 684 368 742 Antoninus
383 687 589 760 rescripserunt.

123 775 155 823 14
235 767 328 824 Edicto
347 769 401 826 divi
420 769 499 826 llorei
516 780 640 844 erretur,
660 785 738 840 eum,
758 769 804 842 qui
819 784 834 823 a
849 765 916 824 deco
937 783 994 822 rem
1014 764 1142 822 alienum

172 853 251 923 emit,
273 853 380 926 sipost
401 853 582 911 venditionem
604 853 816 927 quinquennium
839 851 1024 925 praeteriero,
1046 866 1141 923 posse

172 935 309 994 dominum
329 939 369 1014 rei
390 954 439 1011 per
461 939 645 1011 suceptionem
668 935 809 1009 repellere.
851 935 1014 994 constitutio
1037 941 1140 988 nutem

172 1019 247 1076 dione
262 1022 405 1078 memoriae
423 1014 557 1076 Zenonis³
578 1021 644 1076 bene
659 1020 798 1093 prospexit
818 1019 874 1088 hle,
899 1015 1058 1091 quindeno
1084 1033 1140 1090 per

172 1103 352 1161 venditionem
373 1104 415 1160 rel
436 1103 609 1160 donationem
631 1103 672 1159 vel
700 1103 780 1158 ellum
808 1101 918 1160 titulum
940 1099 1040 1174 aliquid
1064 1102 1140 1156 acei-

173 1188 267 1260 piunt,
289 1195 321 1242 ut
336 1188 386 1260 ipsi
407 1187 515 1260 quidem
530 1188 618 1244 securi
640 1189 731 1244 stetim
746 1185 812 1242 liant
826 1194 855 1242 et
869 1187 990 1242 victores·
1001 1185 1135 1254 enisuot,

174 1271 229 1324 sive
251 1271 444 1327 convenientur
470 1272 526 1327 sive
553 1271 736 1344 experiuntur:
764 1269 892 1326 adversus
919 1268 1138 1324 secretissimum

174 1361 262 1410 eutem
285 1354 417 1410 serarium
438 1371 523 1428 usque
545 1354 578 1410 ed
601 1353 803 1428 qusdriennlum
822 1353 902 1409 licent
922 1351 1062 1408 intendere
1079 1352 1136 1424 lois,

175 1438 221 1510 qui
240 1455 290 1512 pro
312 1437 430 1495 dominio
450 1438 489 1495 vel
511 1439 662 1514 hypotheca
683 1454 775 1494 eorum
789 1453 894 1507 rerum,
917 1452 986 1510 quse
1001 1435 1136 1492 elienntee

173 1530 252 1594 sunt,
279 1523 433 1596 putaverint
458 1522 508 1580 sihi
535 1522 662 1598 quasdem
688 1530 842 1594 competere
863 1521 992 1577 notiones.
1036 1527 1136 1576 nostre

175 1613 264 1662 nutem
279 1607 366 1661 divine
380 1599 573 1677 οοιιειίῑιιῐὶο,4
588 1621 667 1678 quem
682 1621 770 1678 nuper
783 1603 1028 1678 promulgavimus,
1052 1606 1135 1660 etiem

175 1687 208 1746 de
228 1690 286 1758 his,
309 1691 356 1762 qui
378 1706 393 1744 e
415 1699 506 1746 nostro
528 1690 571 1746 vel
593 1689 751 1744 venerabilis
765 1689 902 1762 Augustae
923 1687 1004 1742 domo
1026 1686 1136 1760 aliquid

175 1771 342 1844 acceperint,
357 1772 423 1829 haee
436 1775 544 1846 statuit,
560 1789 629 1845 queo
643 1773 671 1828 in
684 1771 816 1828 lisenlilous
831 1769 1037 1828 alienationibus
1051 1787 1136 1846 pree·

176 1852 230 1910 inte
243 1853 392 1912 Zenoniane
408 1849 621 1912 constitutioue⁶
635 1861 819 1914 continentem.

590 2067 647 2108 mu.
664 2066 718 2108 VH.

482 2153 532 2204 DE
550 2149 830 2206 DONATIONIBUS.

127 2293 162 2333 nr.
238 2271 286 2328 list
301 2275 379 2330 etiem
394 2273 464 2330 eliud
480 2292 568 2348 genus
582 2274 779 2348 adquisitionis,
795 2272 923 2330 dometio..
953 2273 1136 2330 donationum

177 2363 266 2411 eutem
288 2358 341 2411 duo
363 2373 461 2430 genere
482 2366 559 2415 sunt:
582 2358 678 2414 mortis
700 2373 778 2414 coust
799 2366 828 2412 et
848 2373 904 2412 non
923 2357 1018 2414 mortis
1039 2373 1135 2414 cause.

145 2447 160 2496 1
178 2439 271 2494 llortis
285 2455 363 2494 ceusu
378 2439 487 2495 donatio
503 2451 555 2510 est,
576 2457 644 2514 qune
658 2450 769 2515 propter
783 2442 877 2496 mortis
893 2439 924 2497 fit
940 2441 1135 2514 suspicionem,

178 2538 239 2578 eum
255 2523 367 2594 quisita
382 2522 480 2594 donst,
495 2531 541 2598 ut,
563 2527 584 2580 si
602 2525 671 2598 quid
681 2526 833 2582 humanitus
849 2526 873 2580 ei
888 2526 1065 2598 contigisset,
1087 2525 1136 2580 lsa-

178 2604 254 2661 beret
276 2607 313 2675 is,
336 2608 382 2678 qui
402 2608 517 2680 accepit:
540 2609 581 2664 sin
601 2618 689 2664 eutem
711 2609 920 2682 supervixisset,
943 2608 989 2682 qui
1011 2606 1133 2680 donavit,

175 2689 324 2764 resiperet,
339 2689 381 2748 rel
398 2691 421 2747 si
434 2707 497 2747 eum
512 2691 664 2748 donationis
679 2693 872 2765 poenituisset,
887 2700 934 2748 eut
948 2693 1025 2765 prior
1040 2691 1135 2748 deces-

246 2919 266 2984 ¹)
283 2923 316 2972 L.
334 2925 356 2977 1.
380 2921 407 2972 0.
430 2922 462 2972 de
484 2937 554 2974 neue.
575 2921 670 2985 transf.
689 2919 728 2986 (l,
746 2921 799 2983 31).
885 2919 905 2984 ²)
925 2921 998 2975 codd.
1014 2923 1134 2986 plerique

178 2989 255 3052 inser.
272 3003 318 3039 om.
341 2989 451 3052 l'leopl.
470 2988 549 3038 divus
567 2988 639 3039 codd.
658 2991 765 3087 oet.⁴ed.
784 2989 857 3039 Solor.
871 2995 896 3038 et
908 2989 958 3038 Kr,
1018 2987 1048 3086 ⁵³)
1061 2989 1093 3038 L.
1107 2991 1134 3042 2.
1214 2987 1215 3052 Ῐ

178 3055 261 3187 iyofeff?
278 3053 731 3187 ξ’ἷὲἔὲὴζτῗὲἔηὲτὲθῖᾩῆἱαηαο)
747 3055 952 3174 cLo'nititZtidiois
970 3053 1038 3172 mol)
1056 3057 1133 3172 giriaci.
1214 3089 1215 3114 ³

178 3197 226 3240 oet.
246 3192 304 3241 edd.
324 3190 396 3239 Soltr.
415 3197 441 3238 et
458 3191 507 3239 Kr.
526 3193 599 3254 quani
620 3193 643 3240 is
662 3192 786 3254 penitiores
807 3193 918 3253 pendeat
936 3190 967 3239 ab
986 3188 1132 3239 alienatio-

178 3257 270 3318 nibus,
290 3272 336 3305 oee
354 3264 403 3305 tam
420 3257 451 3306 ab
469 3259 525 3320 ipso
542 3263 695 3320 imperatore
712 3260 751 3307 oet
762 3258 878 3322 Apporto
893 3257 981 3319 saetae
999 3259 1131 3306 alienatio·

178 3324 367 3384 neefiscatidue,
386 3339 458 3387 quom
469 3323 606 3374 Iustiniani
623 3333 647 3372 et
661 3325 768 3374 Zeooois
786 3333 897 3386 tempore
913 3325 1002 3387 saetae
1019 3324 1068 3373 sibi
1085 3339 1129 3386 op·

176 3396 318 3504 penitentum
335 3405 392 3439 nam
407 3391 523 3455 plerique
538 3407 675 3456 perperam
687 3393 718 3442 de
729 3391 837 3455 penitioo
854 3407 904 3454 pro
922 3391 1030 3442 ablativo
1047 3393 1130 3454 posito

179 3469 226 3519 cop
237 3462 301 3506 tout.
