2472 3896
300 214 336 250 na
349 214 415 250 1qu
428 211 607 250 erasouaauu
619 227 652 236 —
670 215 705 248 os
724 213 842 250 rnusuua
854 200 876 264 Ι,
889 202 913 253 3.
927 201 951 249 4·
1086 197 1104 258 7

569 399 627 439 TIT.
642 400 686 440 111.

411 505 461 554 De
479 503 567 554 IURE
586 500 840 553 PERSONARUM.

214 617 225 658 ¹
238 623 344 680 Summa
358 627 449 697 itaque
464 624 557 679 divisio
573 624 606 679 de
621 625 678 679 iure
693 640 870 697 personarum
886 625 951 681 haec
965 634 1016 695 εει,
1032 623 1105 697 quod
1119 632 1154 673 Pr·

148 725 243 765 omnes
258 709 380 764 homines
397 717 443 764 aut
458 707 533 763 liberi
549 715 614 763 sunt
628 717 675 763 aut
691 709 770 762 servi.
802 701 858 762 ²Et
873 707 981 764 libertas
998 708 1104 782 quidem
1125 722 1137 766 1

148 802 200 862 est,
223 809 255 848 ex
267 809 320 864 qua
335 794 414 849 etiam
429 792 506 847 liberi
521 800 660 862 vocantur,
676 791 803 846 naturalis
821 791 930 847 facultas
947 795 1012 860 eius,
1031 791 1103 864 quod

147 879 246 950 cuique
268 877 354 934 lacere
376 874 451 946 libet,
473 877 524 930 nisi
546 877 569 930 sl
591 876 654 948 quid
676 884 722 930 aut
743 876 768 929 vi
790 884 835 930 aut
857 877 915 932 iure
937 875 1103 949 prohibetur.

149 960 270 1016 Servitus
284 969 373 1015 autem
388 968 430 1015 est
445 961 603 1016 constitutio
618 961 683 1014 iuris
698 961 828 1032 gentiunt,
844 976 896 1032 qua
910 962 970 1032 quis
986 960 1104 1016 dominio
1122 967 1137 1013 2

148 1043 236 1100 alieno
257 1054 350 1100 cotnra
370 1053 489 1098 naturam
511 1042 650 1102 subicitur.
680 1042 755 1099 Servi
777 1053 867 1098 autem
882 1059 914 1098 cx
929 1059 962 1098 eo
978 1043 1103 1116 appellati
1122 1051 1137 1098 3

149 1137 222 1196 sunt,
247 1127 320 1200 quod
342 1130 516 1200 imperatores
538 1128 657 1199 captivos
679 1126 793 1182 vendere
815 1125 908 1182 iubent
930 1144 960 1182 ac
981 1143 1031 1200 per
1052 1126 1105 1182 hoc

149 1227 254 1268 servare
277 1227 326 1266 nec
348 1211 470 1266 occidere
490 1210 594 1265 solent:
623 1212 668 1283 qui
691 1212 769 1266 etiam
792 1211 920 1283 mancipia
943 1210 1007 1266 dicti
1029 1217 1104 1280 sunt,

150 1294 223 1367 quod
238 1293 269 1349 ab
284 1293 408 1348 hostibus
423 1310 502 1347 manu
519 1295 669 1366 capiuntur.
699 1293 774 1348 Servi
787 1303 876 1349 autem
892 1303 938 1348 aut
958 1303 1104 1349 nascuntur
1121 1300 1137 1348 4

148 1387 196 1433 aut
218 1376 294 1437 liunt.
326 1385 475 1432 nascuntur
495 1391 527 1430 er
549 1377 651 1431 ancillis
673 1378 786 1432 nostris:
809 1375 878 1431 fiunt
900 1386 945 1432 aut
966 1378 1024 1433 iure
1039 1394 1105 1450 gen·

151 1463 227 1536 tium,
249 1460 333 1514 idest
349 1476 380 1515 es
401 1455 563 1533 captivitate,
587 1468 633 1514 uut
647 1460 705 1515 iure
720 1460 801 1530 civili,
823 1453 925 1515 veluti³
940 1477 1000 1516 cum
1023 1461 1103 1516 homo

150 1543 219 1600 liber
239 1544 323 1599 maior
343 1545 437 1617 viginti
460 1544 534 1598 annis
558 1541 589 1597 ad
612 1545 728 1616 pretium
751 1543 964 1616 participandum
986 1560 1046 1600 sese
1061 1560 1104 1599 ve·

149 1627 271 1684 numdari
286 1644 380 1700 passus
396 1636 447 1689 est,
480 1626 509 1681 ln
525 1643 664 1682 servorum
681 1625 840 1682 condicione
861 1627 934 1683 nulla
956 1627 1103 1683 differentia
1122 1635 1138 1683 5

149 1721 199 1769 est.
236 1713 264 1767 in
275 1711 366 1767 liberis
381 1711 481 1767 multae
496 1710 660 1766 differentiae
675 1721 753 1766 sunt:
770 1720 816 1766 aut
831 1712 900 1767 enim
915 1712 1028 1786 ingenui
1042 1722 1105 1767 sunt

146 1806 192 1852 aut
208 1795 335 1852 libertini.

570 1957 627 1998 u1u.
640 1957 681 1997 Ν.

499 2057 548 2108 DE
566 2057 749 2114 INGENUlS.

211 2180 345 2250 Ingenuus
360 2182 383 2235 is
399 2189 449 2252 est,
472 2181 518 2251 qui
539 2181 638 2249 statim,
663 2189 693 2235 ut
713 2189 791 2235 natus
812 2187 865 2250 est,
887 2178 954 2236 liber
975 2188 1028 2252 est,
1050 2181 1104 2235 slve
1117 2199 1153 2239 ει.

148 2280 182 2320 eu
198 2262 302 2318 duobus
317 2265 442 2338 ingenuis
457 2264 625 2319 matrimonio
642 2263 742 2335 editus,
764 2265 820 2318 sive
835 2280 867 2319 eu
886 2263 1028 2334 libertinis,
1049 2264 1105 2320 sine

149 2364 180 2403 ex
203 2346 288 2402 altero
310 2346 447 2418 libertino,
470 2347 556 2403 altero
578 2348 706 2418 ingenuo.
739 2346 787 2402 sed
809 2348 874 2403 etsi
890 2349 998 2421 quises
1021 2356 1105 2404 matre

149 2430 232 2487 libera
256 2440 389 2502 nascatur,
411 2441 486 2505 patre
501 2447 591 2501 servo,
614 2432 749 2504 ingenuus
763 2432 847 2487 nihilo
863 2433 950 2488 minus
970 2434 1104 2488 nascitur:

150 2513 372 2589 quemadmodum
393 2517 439 2588 qui
458 2532 489 2571 ex
511 2523 595 2570 matre
610 2513 690 2569 libera
707 2524 735 2570 et
748 2516 851 2571 incerto
867 2524 943 2588 patre
958 2525 1038 2571 natus
1053 2525 1104 2586 est,

148 2600 274 2672 quonlam
297 2596 378 2670 vulgo
401 2607 548 2671 conceptus
563 2607 614 2654 est.
653 2591 778 2654 4ειιιθειι
792 2609 881 2655 autem
895 2598 1006 2655 liberam
1022 2600 1105 2656 luisse

148 2692 260 2738 matrem
275 2697 307 2736 eo
324 2689 453 2754 tempore,
475 2699 529 2755 quo
545 2683 672 2754 nascitur,
694 2682 758 2738 licet
772 2683 865 2738 ancilla
881 2685 1044 2757 conceperit.
1077 2692 1105 2739 et

148 2782 180 2821 eu
203 2765 338 2822 contrario
361 2766 383 2820 si
405 2764 487 2820 libera
507 2767 672 2838 conceperit,
695 2765 790 2822 deinde
811 2767 907 2822 ancilla
923 2766 991 2823 lacta
1009 2769 1104 2840 pariat,

147 2850 247 2923 placuit
262 2865 333 2917 eum,
357 2851 403 2922 qui
418 2852 546 2919 nascitur,
568 2848 680 2904 liberum
695 2850 779 2921 nasci,
804 2852 864 2922 quia
885 2867 940 2906 non
962 2850 1041 2906 dehet
1062 2867 1103 2906 ca-

147 2934 250 2990 lamitas
272 2933 364 2989 matris
387 2933 542 3003 circuere,
565 2933 660 3005 quiin
685 2942 760 2988 utero
784 2943 834 2990 est.
871 2950 904 2991 eu
927 2934 967 2988 lois
989 2943 1016 2989 et
1037 2933 1104 2990 illud

148 3097 350 3106 -----

214 3196 236 3262 ¹)
254 3215 294 3261 pr.
313 3200 368 3252 t'm't.
385 3218 418 3239 =
438 3197 493 3247 Gat'.
513 3199 540 3258 1,
563 3199 587 3250 9.
623 3199 655 3247 L.
680 3201 704 3248 3.
727 3199 759 3250 D.
782 3199 813 3246 de
836 3205 904 3247 elatu
922 3198 985 3250 hom.
1008 3195 1048 3260 (1,
1067 3197 1102 3262 ὃ).

146 3262 168 3329 ²)
181 3265 220 3326 §5-
235 3267 300 3317 1—3
312 3287 345 3307 =
357 3267 388 3315 L.
401 3267 424 3314 4.
444 3266 476 3314 D.
497 3266 552 3315 eod.
572 3280 607 3314 ear
624 3266 766 3316 Florentino·
778 3267 794 3314 ἱ.
808 3267 823 3314 9
835 3266 916 3319 instit.
978 3262 999 3326 ⁸)
1018 3264 1103 3315 veluti

146 3348 191 3382 om.
210 3348 294 3382 omnes
311 3335 385 3384 codd.
404 3340 429 3381 et
446 3333 506 3384 edd.
529 3326 656 3398 cednico
679 3331 788 3395 Tneopt.
893 3329 914 3394 ⁴)
930 3347 973 3394 pr.
992 3339 1018 3380 et
1034 3333 1058 3392 ἕ.
1079 3335 1101 3381 1.

145 3405 239 3463 parlim
254 3420 287 3440 =
303 3402 335 3453 L.
354 3402 378 3452 6.
397 3400 436 3461 ἐξ.
454 3401 477 3451 2.
496 3403 519 3453 Β.
539 3399 573 3449 Ι).
592 3401 624 3450 de
641 3406 710 3450 statu
727 3400 789 3452 ium.
809 3395 849 3460 (l,
869 3396 896 3462 ὅ)
919 3413 954 3448 eae
972 3399 1104 3448 Marciani

146 3470 161 3521 l.
181 3468 194 3515 l
213 3467 292 3519 instit.
