2500 3890
168 227 202 260 oa
217 226 459 277 onmoarroumos,
472 229 541 272 onan
555 230 591 264 ax
602 224 718 266 ormano
731 227 890 282 nnsoonnon
900 217 948 280 IV,
963 219 986 270 1,
1028 209 1091 276 159

137 366 226 423 utendi
247 370 379 442 percipit,
400 369 523 425 simiiiter
545 386 655 426 necesse
675 370 755 426 habet
776 370 923 427 custodiam
938 379 1089 445 praestate.

136 451 181 507 sed
192 460 289 507 nostra
303 452 471 526 providentia
485 455 563 509 etiam
579 455 672 510 hocin
687 454 867 510 decisionibus
882 457 982 510 nostris
993 465 1088 511 emon-

137 529 221 607 davit,
247 529 298 591 ¹ut
317 538 345 592 in
360 537 460 592 domini
481 539 516 592 sit
532 537 685 610 voluntate,
705 539 761 594 sive
776 539 938 595 commodati
957 539 1088 595 actionem

137 619 259 675 adversus
275 635 347 691 eum,
364 622 410 694 qui
420 637 477 676 rem
486 623 678 678 commodatam
694 623 806 696 accepit,
817 635 929 678 movere
944 623 1088 691 desiderat,

135 705 187 759 sive
202 705 269 759 inrti
280 704 410 760 adversus
426 721 503 778 eum,
520 708 637 778 quirem
652 705 796 779 subripuit,
812 714 839 762 et
854 707 982 762 aiterutra
993 721 1088 762 aarum

136 787 233 859 eiecta,
257 789 394 844 dominum
416 805 470 844 non
491 805 572 863 posse
593 806 625 845 ex
645 789 809 863 poenitentia
825 791 857 845 ad
872 790 982 845 aiteram
996 792 1089 846 uenire

136 873 275 929 actionem.
306 873 353 928 sed
368 874 390 928 si
406 873 513 944 quidem
526 875 613 929 iurem
628 873 754 948 elegerit,
770 872 862 945 illurn,
878 875 995 946 quirem
1011 882 1088 929 uten-

136 955 192 1010 dam
215 957 334 1029 accepit,
356 958 463 1030 penitus
486 955 600 1014 liberari.
635 959 676 1012 sin
696 967 785 1013 autem
800 957 1088 1014 commodatorueniat

137 1039 261 1096 adversus
274 1056 344 1111 eum,
357 1042 402 1112 qui
414 1057 470 1096 rem
481 1040 607 1096 utendam
616 1043 730 1114 accepit,
737 1041 788 1114 ipsi
800 1040 907 1112 quidem
918 1041 994 1096 nulio
1007 1041 1088 1096 modo

136 1132 288 1197 competere
308 1140 388 1197 posse
408 1123 535 1180 adversus
556 1125 641 1180 iurem
661 1124 726 1181 inrti
746 1126 893 1196 actionem,
914 1142 974 1181 eum
989 1132 1087 1195 antem,

136 1209 178 1280 qui
193 1225 244 1281 pro
261 1224 290 1262 re
306 1208 473 1264 commodata
488 1209 659 1280 convenitur,
681 1226 763 1283 posse
779 1209 905 1265 adversus
921 1211 1007 1265 iurem
1023 1209 1088 1264 furti

136 1290 232 1348 babere
244 1295 387 1362 actionem,
402 1294 439 1348 ita
454 1302 552 1362 tamen,
568 1293 591 1347 si
603 1293 727 1348 dominus
739 1295 838 1364 sciens,
852 1310 981 1350 ramesse
996 1292 1088 1348 subre-

135 1385 217 1448 ptam,
225 1375 482 1447 adrersuseum,cui
492 1392 536 1431 res
547 1376 717 1432 commodata
729 1377 790 1446 init,
798 1379 934 1450 pervenit:
946 1379 987 1432 sin
999 1385 1087 1432 autem

134 1461 239 1515 nescius
255 1468 282 1514 et
297 1459 431 1531 dubitans,
446 1476 502 1516 rem
517 1476 572 1515 uon
587 1475 646 1515 esse
658 1459 729 1533 apud
745 1475 815 1530 eum,
831 1461 991 1516 commodati
1007 1462 1090 1516 actio·

135 1545 332 1613 neminstituit,
349 1553 445 1617 postea
457 1553 557 1614 antem,
573 1559 602 1599 re
619 1553 766 1616 comperta,
781 1544 867 1599 voluit
877 1546 1014 1599 remittere
1029 1547 1089 1616 qni-

135 1627 193 1682 dem
202 1626 366 1683 commodati
377 1629 522 1696 actionem,
538 1626 569 1681 ad
586 1627 651 1683 furti
664 1636 752 1682 autem
764 1628 915 1701 pervenire,
929 1637 993 1683 tuno
1007 1627 1089 1683 licen·

136 1712 169 1766 tia
184 1703 209 1766 ei
226 1710 388 1768 concedatur
403 1720 431 1767 et
446 1712 573 1767 adversus
589 1711 675 1767 iurem
690 1713 796 1782 venire,
818 1712 893 1768 nullo
910 1711 1049 1768 obstaculo
1065 1713 1089 1768 ei

135 1795 309 1868 opponendo,
325 1797 450 1868 quoniam
464 1797 584 1851 incertus
599 1797 762 1851 constitutus
778 1798 860 1852 movit
875 1796 1001 1852 adversus
1018 1813 1088 1867 eum,

137 1880 181 1951 qui
192 1895 250 1934 rem
261 1879 387 1934 utendam
400 1881 512 1953 aceepit,
528 1879 687 1935 commodati
703 1882 834 1936 actionem
851 1873 916 1958 (nisi
931 1881 1039 1936 domino
1056 1881 1088 1936 ab

134 1977 164 2018 eo
187 1963 352 2018 satisfactum
376 1972 430 2019 est:
455 1971 518 2020 tunc
540 1965 638 2019 etenim
653 1964 806 2020 omnimodo
834 1964 921 2019 iurem
943 1965 1088 2020 adomino

136 2046 241 2120 quidem
254 2047 321 2103 furti
335 2049 441 2105 actione
452 2047 570 2116 liberari,
578 2048 748 2119 suppositum
761 2055 849 2103 autem
861 2050 967 2118 esseei,
980 2049 1025 2120 qui
1039 2059 1088 2120 pro

133 2147 162 2186 re
173 2130 222 2186 sibi
236 2130 403 2187 commodata
412 2131 521 2187 domino
538 2123 690 2206 satisfecit),
704 2145 763 2185 cum
776 2131 1024 2186 manifestissimum
1037 2138 1088 2202 est,

135 2217 213 2270 etiam
229 2217 251 2269 si
267 2214 298 2270 ab
320 2216 398 2270 initio
418 2214 542 2270 dominus
558 2215 689 2269 actionem
703 2215 821 2269 instituit
836 2214 997 2270 commodati
1013 2216 1088 2288 igna-

134 2314 189 2368 rus,
205 2314 262 2353 rem
278 2311 338 2353 esse
352 2298 517 2371 subreptam,
532 2305 626 2376 postea
641 2306 740 2367 autem,
755 2297 807 2353 boc
822 2300 983 2372 ei‘oognito,
998 2299 1088 2354 adnor-

134 2394 179 2436 sos
195 2381 282 2437 iurem
297 2383 437 2452 transivit,
453 2381 607 2438 omnimodo
623 2380 731 2436 liberari
746 2397 822 2453 enm,
839 2384 884 2454 qui
898 2396 954 2438 rem
970 2399 1088 2439 commo·

134 2465 220 2520 datam
241 2467 359 2539 accepit,
382 2481 577 2539 quemcumque
598 2481 694 2521 causae
708 2467 807 2522 exitum
823 2467 945 2522 dominus
960 2468 1087 2523 adversus

132 2547 221 2605 furem
229 2549 372 2606 babuerit:
386 2549 476 2605 eadem
487 2549 643 2606 definitione
656 2548 866 2623 obtinente,·siue
877 2553 904 2606 in
916 2560 1019 2625 partem
1032 2552 1088 2607 sire

130 2633 288 2690 insolidum
298 2633 428 2689 solvendo
440 2637 476 2690 sit
486 2636 519 2705 is,
538 2635 583 2706 qui
596 2649 652 2689 rem
664 2635 858 2690 commodatam
871 2638 982 2709 accepit.
1014 2629 1086 2689 ²Sed
1099 2626 1187 2696 (¹9)1⁷

131 2719 168 2789 is,
190 2718 261 2791 apud
276 2733 355 2792 quem
378 2733 420 2772 res
436 2718 559 2792 deposita
573 2725 631 2788 est,
652 2719 801 2774 custodiam
811 2735 870 2774 non
885 2728 1019 2792 praestat,
1033 2717 1087 2772 sed

132 2811 235 2858 tantum
254 2805 280 2858 in
298 2819 330 2857 eo
343 2801 474 2857 obnoxius
490 2809 542 2874 est,
555 2803 580 2857 si
598 2803 662 2874 quid
680 2803 737 2875 ipse
750 2801 813 2858 dolo
829 2802 899 2857 malo
911 2801 1019 2857 iecerit:
1035 2812 1087 2874 qna

133 2885 255 2942 decausa
266 2887 289 2941 si
304 2902 347 2941 res
359 2886 383 2942 ei
395 2885 523 2959 subrepta
532 2885 623 2958 inerit,
636 2887 697 2958 quia
710 2885 892 2941 restituendae
910 2886 967 2940 eius
979 2885 1086 2940 nomine

132 2969 248 3044 depositi
262 2986 318 3026 nou
334 2979 442 3026 tenetur
456 2986 506 3026 uec
521 2969 554 3025 ob
570 2969 597 3024 id
612 2971 668 3024 eius
684 2970 813 3039 interest,
830 2985 886 3024 rem
901 2969 999 3024 solvam
1016 2983 1085 3040 esse,

132 3053 197 3110 iurti
217 3069 297 3128 agere
318 3069 373 3109 non
388 3063 495 3128 potest,
516 3052 563 3108 sed
585 3053 650 3108 iurti
673 3054 742 3108 actio
758 3053 866 3108 domino
882 3054 1020 3126 competit.
1058 3046 1185 3115 in20(18)

131 3147 233 3194 summa
249 3139 385 3195 sciendum
399 3148 450 3208 est,
466 3137 616 3212 quaesitum
633 3153 702 3209 esse,
719 3153 752 3192 an
766 3137 888 3210 impubes
903 3153 959 3192 rem
974 3137 1085 3192 alienam

197 3418 218 3483 1)
234 3421 292 3482 fere
310 3439 343 3460 =
361 3421 392 3470 n.
412 3420 453 3471 ee.
473 3419 512 3479 ss.
532 3420 554 3468 1.
575 3419 598 3470 e.
619 3417 645 3467 ο.
666 3419 697 3467 ae
715 3413 779 3480 furt.
799 3415 833 3483 (a,
847 3418 881 3481 a).
950 3415 1028 3484 oet.
1043 3421 1083 3472 1⁷.

132 3489 163 3538 18
181 3507 214 3528 ==
235 3487 289 3537 oar.
307 3489 331 3549 s,
349 3488 407 3540 eor.
425 3485 483 3536 eoo.
