2472 3896
105 126 143 175 vt
500 141 655 178 andremo.

104 281 205 338 calamo
227 283 360 355 exceperit
384 289 532 356 posteaque
552 282 709 357 vulgaverit.
754 281 826 350 Quae
848 284 871 338 si
896 300 990 356 reapse
1011 301 1056 358 pa·
1224 213 1227 382 ἱ

104 366 236 438 raphrasis
260 367 337 440 origo
361 365 469 436 luisset,
493 366 606 422 multum
630 366 664 422 de
689 365 741 421 fide
766 375 794 422 et
818 367 976 422 auctoritate
998 369 1055 424 eius

105 448 300 504 detraheretur.
334 450 458 505 Attamen
470 449 593 505 credibile
605 466 659 505 non
676 458 727 519 est,
743 467 811 523 epus
824 458 876 505 tarn
891 449 1055 507 elaboratum

104 531 294 605 climatumque
304 549 353 588 nec
364 532 415 588 ulla
427 542 504 606 parte
516 533 717 589 tumultuarium
727 534 779 589 hoc
791 534 870 590 modo
883 543 970 590 ortum
984 552 1053 592 esse.

103 614 222 684 Accedit,
239 616 383 687 quodcum
398 632 485 672 novus
496 615 645 672 studiorum
658 617 724 673 ordo
737 634 769 672 ex
781 634 805 674 a.
818 619 924 673 demum
936 617 1055 674 llXXlllV

104 700 248 772 occiperet,
256 700 400 773 multisque
412 700 445 755 de
456 701 544 756 causis
555 696 602 775 (de
614 700 710 773 quibus
718 701 770 755 vid.
779 700 896 757 Reitzius
905 703 933 756 in
942 704 1053 775 praelat.

104 782 137 838 ad
152 782 193 838 ed.
209 782 329 856 Theoph.
345 783 364 842 l.
380 801 408 857 p.
420 777 511 858 llllVl)
526 785 696 839 statuendum
712 786 755 854 sit,
772 786 944 858 paraphrasin
959 786 1054 842 eodem

103 867 1053 940 annoantesecundamtlodiciseditionempuhlicatamesse‚cuiusadeo
1117 922 1123 936 ,

102 951 209 1004 iniussa
219 943 1053 1028 curationc(const.Cordinobisg.2)Theophilinullaamplius

102 1036 202 1089 mentio
214 1033 254 1105 lit,
270 1035 399 1090 eiusmodi
415 1035 491 1106 origo
507 1051 591 1107 paene
608 1035 672 1108 ipsis
690 1036 819 1109 temporis
831 1037 963 1110 angustiis
977 1055 1054 1111 prae·

102 1116 228 1174 cluditur.
258 1117 278 1171 Ε
298 1117 402 1174 diverso
424 1117 595 1173 dubitandum
616 1127 742 1189 nonest,
764 1121 852 1193 ipsum
866 1119 1053 1196 iustinianum,

102 1202 126 1255 si
141 1201 199 1256 eins
215 1209 301 1256 aetate
323 1211 350 1256 et
369 1203 527 1257 auctoritate
548 1193 592 1278 (ut
606 1202 752 1258 Matthaeus
770 1203 900 1259 Blastares
922 1199 1052 1284 testatur)

102 1283 168 1339 adeo
184 1285 291 1358 Digesta
313 1294 341 1340 et
360 1292 474 1358 uterque
495 1284 583 1340 Codex
603 1285 709 1341 brevius
730 1287 771 1342 vel
791 1288 871 1343 latius
887 1290 913 1343 in
929 1288 1052 1346 Graecam

101 1367 221 1440 linguam
242 1367 367 1424 translata
387 1377 465 1440 sunt,
486 1369 571 1425 multo
592 1372 675 1443 magis
696 1378 723 1426 et
737 1373 811 1444 prius
826 1372 859 1427 de
874 1373 1052 1429 lnstitutioni·

102 1450 151 1505 bus
170 1451 241 1506 idem
261 1468 381 1508 curasse:
403 1453 482 1509 modo
505 1462 534 1508 ut
556 1470 646 1509 earnm
667 1455 869 1527 interpretatio,
893 1457 972 1512 sicuti
991 1457 1053 1512 libri

102 1534 206 1590 indoles
221 1535 390 1608 postulabat,
405 1537 584 1610 magistralem
599 1538 626 1591 in
642 1536 750 1592 modum
765 1536 850 1608 fierit,
873 1539 922 1594 hoc
937 1549 979 1594 est
994 1548 1051 1594 tan·

102 1634 179 1690 quam
201 1620 223 1676 si
243 1619 325 1674 solito
346 1628 465 1692 tempore
485 1636 515 1675 ac
534 1636 608 1674 more
622 1619 807 1676 lnstitutioues
829 1619 861 1674 ab
882 1629 1053 1678 antecessore

102 1701 271 1774 explicandae
293 1710 392 1757 essent.
436 1701 513 1758 Certe
542 1703 609 1758 hanc
631 1702 741 1757 sormam
763 1713 852 1759 servat
872 1704 1051 1777 paraphrasis,

102 1792 131 1840 ut
147 1794 174 1839 et
190 1791 246 1840 tota
261 1787 317 1841 eius
333 1786 400 1842 ratio
423 1795 450 1841 et
465 1786 570 1858 singula
585 1785 712 1858 quaedam
728 1786 887 1858 ostendunt,
909 1787 983 1842 velut
995 1788 1052 1861 illa,

102 1885 169 1940 quae
189 1868 222 1925 de
243 1869 397 1941 quibusdam
418 1878 511 1942 postea
530 1868 668 1942 discipulis
683 1869 818 1924 tradendis
833 1870 874 1940 lV,
891 1871 919 1942 6,
935 1870 985 1930 20.
1002 1872 1050 1943 11,

103 1951 131 2008 3.
151 1951 205 2023 13,
222 1951 250 2011 6.
268 1953 324 2023 17,
340 1951 367 2008 2.
389 1953 525 2009 dicuntur.
564 1953 608 2008 Sic
621 1969 685 2008 vero
701 1952 864 2026 Theophilus
879 1956 1051 2028 paraphrasin

101 2052 188 2107 snam,
205 2037 307 2090 etiamsi
322 2053 395 2106 eam,
412 2046 441 2092 ut
455 2037 568 2092 celerius
584 2035 660 2108 plura
676 2037 832 2108 exemplaria
848 2048 1050 2111 spargerentur,

101 2119 240 2193 discipulis
260 2137 366 2193 quoque
387 2120 543 2190 dictaverit,
565 2121 616 2174 iam
637 2127 699 2174 aute
719 2137 798 2192 quam
819 2121 892 2195 ipsae
913 2121 1050 2179 lusitutio-

101 2219 149 2258 nes
164 2203 378 2276 publicarentur,
402 2213 525 2276 tanquam
545 2203 658 2259 alterum
678 2219 767 2259 earum
788 2205 936 2278 exemplum
951 2209 1051 2279 pariter

101 2286 232 2342 edendum
244 2287 326 2359 ipsius
345 2288 511 2360 imperatoris
528 2303 662 2343 consensu
677 2288 823 2344 coniecisse
835 2289 984 2344 credendus
999 2299 1050 2361 est,

103 2387 153 2442 qua
169 2368 273 2424 ratione
289 2372 366 2425 etiam
382 2371 504 2426 facillime
517 2370 699 2444 intellegitur,
720 2372 940 2444 quemadmodum
955 2375 1050 2430 titulus

101 2453 134 2508 de
149 2453 252 2508 iustitia
272 2462 299 2508 et
319 2455 376 2508 iure
397 2455 423 2509 in
444 2471 474 2509 ea
493 2452 638 2510 desiderari
652 2456 754 2526 possit:
776 2455 876 2511 scilicet
890 2465 983 2528 postea
1006 2458 1050 2514 de·

101 2553 187 2606 mum,
205 2553 287 2608 quum
304 2545 389 2592 totum
405 2553 472 2611 opus
493 2539 543 2592 iam
562 2537 710 2610 perfectum
725 2538 873 2610 rideretur,
895 2549 922 2595 et
937 2541 1050 2598 fortasse

102 2620 168 2676 clam
179 2619 328 2694 Theophila
343 2621 385 2676 vel
400 2623 478 2677 etiam
492 2620 586 2677 morbo
600 2623 652 2677 iam
666 2630 791 2695 correpto
805 2617 880 2698 (nam
894 2625 967 2700 intra
979 2625 1051 2682 hunc

101 2721 198 2759 annum
214 2703 270 2758 aliis
286 2703 318 2759 de
333 2706 420 2761 causis
434 2706 488 2759 vita
502 2705 645 2761 defunctus
655 2705 783 2776 creditur)
799 2705 956 2779 breviante,
972 2725 1049 2782 quam

101 2787 296 2861 publicaretur,
310 2787 442 2859 praefixus
458 2796 509 2845 est.

165 2870 217 2926 Sed
233 2871 284 2926 hoc
295 2873 346 2925 iam
356 2871 431 2926 aliern
445 2874 625 2944 quaestionem
640 2889 695 2928 non
711 2875 797 2929 minus
813 2874 845 2930 ad
860 2891 916 2930 rem
931 2884 1050 2932 nostram

101 2956 279 3026 pertinentem
306 2963 426 3028 spectat,
448 2972 526 3027 qnam
555 2956 587 3012 de
612 2956 725 3030 Digestis
752 2959 851 3014 maiore
878 2975 938 3014 cum
959 2960 1049 3016 studio

102 3053 181 3108 quam
202 3037 290 3092 fructu
311 3039 435 3110 agitatam
455 3039 543 3094 mirari
564 3040 641 3109 licet,
664 3043 798 3097 anemine
817 3042 880 3097 dum
896 3043 927 3097 ad
942 3042 1050 3099 lnstitu-

102 3122 206 3190 tioues,
228 3137 378 3193 quanquam
393 3121 428 3177 ibi
444 3122 650 3180 fructuosiorem
665 3124 796 3196 loturam,
811 3124 965 3181 translatam
981 3144 1050 3204 esse,

102 3204 227 3261 videlicet
241 3205 268 3259 in
284 3205 325 3261 his
340 3207 406 3278 ipsis
422 3207 612 3278 componendis
628 3210 732 3264 tresviri
748 3209 804 3278 illi,
826 3207 923 3282 quibus
938 3210 989 3266 hoc
1003 3228 1050 3266 ue·

102 3288 206 3360 gotium
229 3288 320 3344 datum
342 3299 413 3361 crat,
436 3290 657 3364 quemadmodum
678 3294 749 3349 inter
769 3309 798 3349 se
812 3295 910 3349 versati
924 3296 988 3349 sint.
1023 3295 1050 3350 Si

102 3387 133 3426 er
148 3373 205 3447 ipsa
219 3389 249 3428 re
263 3373 381 3430 divinare
395 3373 472 3450 licet,
494 3376 521 3430 in
536 3387 663 3451 promptu
677 3379 729 3434 erit
743 3379 899 3450 responsio:
922 3379 1051 3435 delibera-
