<?xml version="1.0" encoding="UTF-8"?>
<!DOCTYPE html PUBLIC "-//W3C//DTD XHTML 1.0 Transitional//EN"
    "http://www.w3.org/TR/xhtml1/DTD/xhtml1-transitional.dtd">
<html xmlns="http://www.w3.org/1999/xhtml" xml:lang="en" lang="en">
 <head>
  <title>
</title>
<meta http-equiv="Content-Type" content="text/html;charset=utf-8" />
  <meta name='ocr-system' content='tesseract 3.04.00' />
  <meta name='ocr-capabilities' content='ocr_page ocr_carea ocr_par ocr_line ocrx_word'/>
</head>
<body>
  <div class='ocr_page' id='page_1' title='image "./impiustinianiin00huscgoog_0169.png"; bbox 0 0 2500 3890; ppageno 0'>
   <div class='ocr_carea' id='block_1_1' title="bbox 137 170 812 238">
    <p class='ocr_par' dir='ltr' id='par_1_1' title="bbox 137 170 812 238">
     <span class='ocr_line' id='line_1_1' title="bbox 137 170 812 238; baseline -0.013 -10"><span class='ocrx_word' id='word_1_1' title='bbox 137 175 198 238; x_wconf 83' lang='lat'><strong>144</strong></span> <span class='ocrx_word' id='word_1_2' title='bbox 415 189 450 224; x_wconf 79' lang='lat' dir='ltr'><strong>nn</strong></span> <span class='ocrx_word' id='word_1_3' title='bbox 467 185 609 224; x_wconf 71' lang='lat' dir='ltr'><strong>socmreru</strong></span> <span class='ocrx_word' id='word_1_4' title='bbox 627 173 677 235; x_wconf 92' lang='lat' dir='ltr'><strong>Iil,</strong></span> <span class='ocrx_word' id='word_1_5' title='bbox 695 173 728 220; x_wconf 78' lang='lat'><strong>25</strong></span> <span class='ocrx_word' id='word_1_6' title='bbox 746 170 812 234; x_wconf 82' lang='lat'>(26).</span> 
     </span>
    </p>
   </div>
   <div class='ocr_carea' id='block_1_2' title="bbox 102 323 1101 1306">
    <p class='ocr_par' dir='ltr' id='par_1_2' title="bbox 135 323 1101 553">
     <span class='ocr_line' id='line_1_2' title="bbox 135 323 1101 401; baseline -0.009 -14"><span class='ocrx_word' id='word_1_7' title='bbox 135 345 197 387; x_wconf 88' lang='lat' dir='ltr'><strong>nem</strong></span> <span class='ocrx_word' id='word_1_8' title='bbox 217 329 347 388; x_wconf 80' lang='lat' dir='ltr'>contrahi.</span> <span class='ocrx_word' id='word_1_9' title='bbox 378 327 474 401; x_wconf 86' lang='lat' dir='ltr'><strong>quodsi</strong></span> <span class='ocrx_word' id='word_1_10' title='bbox 494 344 573 382; x_wconf 91' lang='lat' dir='ltr'><strong>suum</strong></span> <span class='ocrx_word' id='word_1_11' title='bbox 594 343 687 382; x_wconf 88' lang='lat' dir='ltr'><strong>aurum</strong></span> <span class='ocrx_word' id='word_1_12' title='bbox 714 326 799 382; x_wconf 82' lang='lat' dir='ltr'><strong>&#39;iilius</strong></span> <span class='ocrx_word' id='word_1_13' title='bbox 825 324 943 394; x_wconf 84' lang='lat' dir='ltr'>dederit,</span> <span class='ocrx_word' id='word_1_14' title='bbox 967 323 1101 380; x_wconf 75' lang='lat' dir='ltr'><strong>mercede</strong></span> 
     </span>
     <span class='ocr_line' id='line_1_3' title="bbox 135 409 1100 488; baseline -0.008 -18"><span class='ocrx_word' id='word_1_15' title='bbox 135 431 186 488; x_wconf 94' lang='lat' dir='ltr'><strong>pro</strong></span> <span class='ocrx_word' id='word_1_16' title='bbox 210 429 291 486; x_wconf 92' lang='lat' dir='ltr'><strong>opera</strong></span> <span class='ocrx_word' id='word_1_17' title='bbox 314 412 478 481; x_wconf 85' lang='lat' dir='ltr'><strong>constituta,</strong></span> <span class='ocrx_word' id='word_1_18' title='bbox 500 410 611 466; x_wconf 88' lang='lat' dir='ltr'><strong>dubium</strong></span> <span class='ocrx_word' id='word_1_19' title='bbox 625 426 681 466; x_wconf 89' lang='lat' dir='ltr'><strong>non</strong></span> <span class='ocrx_word' id='word_1_20' title='bbox 703 417 760 481; x_wconf 88' lang='lat' dir='ltr'><strong>est,</strong></span> <span class='ocrx_word' id='word_1_21' title='bbox 783 411 849 483; x_wconf 89' lang='lat' dir='ltr'><strong>quin</strong></span> <span class='ocrx_word' id='word_1_22' title='bbox 864 409 963 464; x_wconf 90' lang='lat' dir='ltr'><strong>locatio</strong></span> <span class='ocrx_word' id='word_1_23' title='bbox 978 415 1005 464; x_wconf 90' lang='lat' dir='ltr'><strong>et</strong></span> <span class='ocrx_word' id='word_1_24' title='bbox 1026 423 1100 462; x_wconf 88' lang='lat' dir='ltr'><strong>con-</strong></span> 
     </span>
     <span class='ocr_line' id='line_1_4' title="bbox 135 497 287 553; baseline -0.026 -1"><span class='ocrx_word' id='word_1_25' title='bbox 135 497 226 553; x_wconf 89' lang='lat' dir='ltr'><strong>ductio</strong></span> <span class='ocrx_word' id='word_1_26' title='bbox 242 497 287 551; x_wconf 89' lang='lat' dir='ltr'><strong>sit.</strong></span> 
     </span>
    </p>

    <p class='ocr_par' dir='ltr' id='par_1_3' title="bbox 102 573 1101 1068">
     <span class='ocr_line' id='line_1_5' title="bbox 102 573 1100 651; baseline -0.008 -13"><span class='ocrx_word' id='word_1_27' title='bbox 102 580 118 629; x_wconf 83' lang='grc' dir='ltr'>ὅ</span> <span class='ocrx_word' id='word_1_28' title='bbox 199 577 356 638; x_wconf 80' lang='lat' dir='ltr'><strong>Conductor</strong></span> <span class='ocrx_word' id='word_1_29' title='bbox 372 579 459 634; x_wconf 91' lang='lat' dir='ltr'><strong>omnia</strong></span> <span class='ocrx_word' id='word_1_30' title='bbox 474 577 620 634; x_wconf 88' lang='lat' dir='ltr'><strong>secundum</strong></span> <span class='ocrx_word' id='word_1_31' title='bbox 635 577 723 651; x_wconf 81' lang='lat' dir='ltr'><strong>legem</strong></span> <span class='ocrx_word' id='word_1_32' title='bbox 740 577 926 634; x_wconf 87' lang='lat' dir='ltr'><strong>conductionis</strong></span> <span class='ocrx_word' id='word_1_33' title='bbox 941 575 1029 630; x_wconf 86' lang='lat' dir='ltr'><strong>iacere</strong></span> <span class='ocrx_word' id='word_1_34' title='bbox 1043 573 1100 630; x_wconf 92' lang='lat' dir='ltr'><strong>de-</strong></span> 
     </span>
     <span class='ocr_line' id='line_1_6' title="bbox 135 657 1101 736; baseline -0.006 -16"><span class='ocrx_word' id='word_1_35' title='bbox 135 663 181 720; x_wconf 87' lang='lat' dir='ltr'><strong>bet</strong></span> <span class='ocrx_word' id='word_1_36' title='bbox 203 672 244 734; x_wconf 88' lang='lat' dir='ltr'><strong>et,</strong></span> <span class='ocrx_word' id='word_1_37' title='bbox 267 665 290 718; x_wconf 93' lang='lat' dir='ltr'><strong>si</strong></span> <span class='ocrx_word' id='word_1_38' title='bbox 312 662 376 735; x_wconf 83' lang='lat' dir='ltr'><strong>quid</strong></span> <span class='ocrx_word' id='word_1_39' title='bbox 397 663 425 716; x_wconf 91' lang='lat' dir='ltr'><strong>in</strong></span> <span class='ocrx_word' id='word_1_40' title='bbox 447 661 508 735; x_wconf 84' lang='lat' dir='ltr'><strong>lege</strong></span> <span class='ocrx_word' id='word_1_41' title='bbox 524 662 743 736; x_wconf 85' lang='lat' dir='ltr'><strong>praetermissum</strong></span> <span class='ocrx_word' id='word_1_42' title='bbox 763 661 860 734; x_wconf 87' lang='lat' dir='ltr'><strong>luerit,</strong></span> <span class='ocrx_word' id='word_1_43' title='bbox 881 659 909 715; x_wconf 92' lang='lat' dir='ltr'><strong>id</strong></span> <span class='ocrx_word' id='word_1_44' title='bbox 930 674 960 713; x_wconf 84' lang='lat' dir='ltr'><strong>er</strong></span> <span class='ocrx_word' id='word_1_45' title='bbox 976 657 1048 714; x_wconf 90' lang='lat' dir='ltr'><strong>bono</strong></span> <span class='ocrx_word' id='word_1_46' title='bbox 1067 669 1101 714; x_wconf 90' lang='lat' dir='ltr'><strong>et</strong></span> 
     </span>
     <span class='ocr_line' id='line_1_7' title="bbox 136 745 1101 820; baseline -0.004 -18"><span class='ocrx_word' id='word_1_47' title='bbox 136 763 223 820; x_wconf 88' lang='lat' dir='ltr'><strong>aequo</strong></span> <span class='ocrx_word' id='word_1_48' title='bbox 245 745 325 802; x_wconf 88' lang='lat' dir='ltr'><strong>debet</strong></span> <span class='ocrx_word' id='word_1_49' title='bbox 347 755 492 819; x_wconf 88' lang='lat' dir='ltr'><strong>praestare.</strong></span> <span class='ocrx_word' id='word_1_50' title='bbox 531 747 576 819; x_wconf 91' lang='lat' dir='ltr'><strong>qui</strong></span> <span class='ocrx_word' id='word_1_51' title='bbox 598 761 648 818; x_wconf 93' lang='lat' dir='ltr'><strong>pro</strong></span> <span class='ocrx_word' id='word_1_52' title='bbox 672 761 723 800; x_wconf 93' lang='lat' dir='ltr'><strong>usu</strong></span> <span class='ocrx_word' id='word_1_53' title='bbox 738 753 784 799; x_wconf 89' lang='lat' dir='ltr'><strong>aut</strong></span> <span class='ocrx_word' id='word_1_54' title='bbox 802 745 1022 799; x_wconf 81' lang='lat' dir='ltr'><strong>vestimentorum</strong></span> <span class='ocrx_word' id='word_1_55' title='bbox 1044 751 1101 798; x_wconf 91' lang='lat' dir='ltr'><strong>aut</strong></span> 
     </span>
     <span class='ocr_line' id='line_1_8' title="bbox 137 824 1097 904; baseline -0.004 -18"><span class='ocrx_word' id='word_1_56' title='bbox 137 833 242 904; x_wconf 78' lang='lat' dir='ltr'>argenti</span> <span class='ocrx_word' id='word_1_57' title='bbox 261 840 306 887; x_wconf 88' lang='lat' dir='ltr'><strong>aut</strong></span> <span class='ocrx_word' id='word_1_58' title='bbox 327 831 438 886; x_wconf 91' lang='lat' dir='ltr'><strong>iumenti</strong></span> <span class='ocrx_word' id='word_1_59' title='bbox 461 829 609 885; x_wconf 80' lang='lat' dir='ltr'><strong>mercedem</strong></span> <span class='ocrx_word' id='word_1_60' title='bbox 631 837 677 883; x_wconf 92' lang='lat' dir='ltr'><strong>aut</strong></span> <span class='ocrx_word' id='word_1_61' title='bbox 697 827 771 883; x_wconf 83' lang='lat' dir='ltr'><strong>dedit</strong></span> <span class='ocrx_word' id='word_1_62' title='bbox 791 837 837 883; x_wconf 90' lang='lat' dir='ltr'><strong>ant</strong></span> <span class='ocrx_word' id='word_1_63' title='bbox 851 827 989 901; x_wconf 82' lang='lat' dir='ltr'><strong>promisit,</strong></span> <span class='ocrx_word' id='word_1_64' title='bbox 1010 824 1041 880; x_wconf 87' lang='lat' dir='ltr'><strong>ah</strong></span> <span class='ocrx_word' id='word_1_65' title='bbox 1059 841 1097 882; x_wconf 91' lang='lat' dir='ltr'><strong>eo</strong></span> 
     </span>
     <span class='ocr_line' id='line_1_9' title="bbox 137 909 1097 984; baseline -0.006 -14"><span class='ocrx_word' id='word_1_66' title='bbox 137 915 259 971; x_wconf 88' lang='lat' dir='ltr'><strong>custodia</strong></span> <span class='ocrx_word' id='word_1_67' title='bbox 275 914 333 970; x_wconf 85' lang='lat' dir='ltr'><strong>talis</strong></span> <span class='ocrx_word' id='word_1_68' title='bbox 348 913 529 981; x_wconf 87' lang='lat' dir='ltr'><strong>desideratur,</strong></span> <span class='ocrx_word' id='word_1_69' title='bbox 545 911 651 984; x_wconf 89' lang='lat' dir='ltr'><strong>qualem</strong></span> <span class='ocrx_word' id='word_1_70' title='bbox 666 911 887 984; x_wconf 81' lang='lat' dir='ltr'><strong>diligentissimus</strong></span> <span class='ocrx_word' id='word_1_71' title='bbox 902 909 1097 984; x_wconf 76' lang='lat' dir='ltr'><strong>paterfamilias</strong></span> 
     </span>
     <span class='ocr_line' id='line_1_10' title="bbox 137 994 1099 1068; baseline -0.004 -16"><span class='ocrx_word' id='word_1_72' title='bbox 137 999 193 1053; x_wconf 89' lang='lat' dir='ltr'><strong>suis</strong></span> <span class='ocrx_word' id='word_1_73' title='bbox 213 997 294 1054; x_wconf 89' lang='lat' dir='ltr'><strong>rebus</strong></span> <span class='ocrx_word' id='word_1_74' title='bbox 316 997 433 1054; x_wconf 86' lang='lat' dir='ltr'><strong>adhibet.</strong></span> <span class='ocrx_word' id='word_1_75' title='bbox 472 1012 551 1068; x_wconf 89' lang='lat' dir='ltr'><strong>quam</strong></span> <span class='ocrx_word' id='word_1_76' title='bbox 572 997 595 1051; x_wconf 90' lang='lat' dir='ltr'><strong>si</strong></span> <span class='ocrx_word' id='word_1_77' title='bbox 615 996 782 1068; x_wconf 89' lang='lat' dir='ltr'><strong>praestiterit</strong></span> <span class='ocrx_word' id='word_1_78' title='bbox 802 1002 831 1050; x_wconf 92' lang='lat' dir='ltr'><strong>et</strong></span> <span class='ocrx_word' id='word_1_79' title='bbox 851 994 941 1067; x_wconf 87' lang='lat' dir='ltr'><strong>aliquo</strong></span> <span class='ocrx_word' id='word_1_80' title='bbox 957 1009 1020 1049; x_wconf 90' lang='lat' dir='ltr'><strong>casu</strong></span> <span class='ocrx_word' id='word_1_81' title='bbox 1033 1009 1099 1048; x_wconf 89' lang='lat' dir='ltr'><strong>rem</strong></span> 
     </span>
    </p>

    <p class='ocr_par' dir='ltr' id='par_1_4' title="bbox 103 1076 1099 1306">
     <span class='ocr_line' id='line_1_11' title="bbox 103 1076 1099 1151; baseline -0.003 -14"><span class='ocrx_word' id='word_1_82' title='bbox 103 1081 119 1130; x_wconf 85' lang='grc'><strong>6</strong></span> <span class='ocrx_word' id='word_1_83' title='bbox 136 1083 268 1151; x_wconf 89' lang='lat' dir='ltr'><strong>amiserit,</strong></span> <span class='ocrx_word' id='word_1_84' title='bbox 289 1080 322 1136; x_wconf 92' lang='lat' dir='ltr'><strong>de</strong></span> <span class='ocrx_word' id='word_1_85' title='bbox 337 1079 502 1136; x_wconf 90' lang='lat' dir='ltr'><strong>restituenda</strong></span> <span class='ocrx_word' id='word_1_86' title='bbox 516 1096 547 1135; x_wconf 91' lang='lat' dir='ltr'><strong>ea</strong></span> <span class='ocrx_word' id='word_1_87' title='bbox 561 1095 616 1135; x_wconf 92' lang='lat' dir='ltr'><strong>non</strong></span> <span class='ocrx_word' id='word_1_88' title='bbox 631 1077 777 1136; x_wconf 87' lang='lat' dir='ltr'><strong>tenebitur.</strong></span> <span class='ocrx_word' id='word_1_89' title='bbox 804 1077 911 1133; x_wconf 90' lang='lat' dir='ltr'><strong>llortuo</strong></span> <span class='ocrx_word' id='word_1_90' title='bbox 926 1076 1099 1134; x_wconf 85' lang='lat' dir='ltr'><strong>conductore</strong></span> 
     </span>
     <span class='ocr_line' id='line_1_12' title="bbox 136 1161 1099 1238; baseline -0.004 -18"><span class='ocrx_word' id='word_1_91' title='bbox 136 1167 205 1220; x_wconf 90' lang='lat' dir='ltr'><strong>intra</strong></span> <span class='ocrx_word' id='word_1_92' title='bbox 228 1173 349 1238; x_wconf 88' lang='lat' dir='ltr'><strong>tempora</strong></span> <span class='ocrx_word' id='word_1_93' title='bbox 374 1163 578 1234; x_wconf 87' lang='lat' dir='ltr'><strong>conductionis,</strong></span> <span class='ocrx_word' id='word_1_94' title='bbox 599 1163 679 1218; x_wconf 88' lang='lat' dir='ltr'><strong>heres</strong></span> <span class='ocrx_word' id='word_1_95' title='bbox 702 1163 759 1218; x_wconf 87' lang='lat' dir='ltr'><strong>eius</strong></span> <span class='ocrx_word' id='word_1_96' title='bbox 782 1161 877 1218; x_wconf 86' lang='lat' dir='ltr'><strong>eodem</strong></span> <span class='ocrx_word' id='word_1_97' title='bbox 898 1162 957 1218; x_wconf 89' lang='lat' dir='ltr'><strong>iure</strong></span> <span class='ocrx_word' id='word_1_98' title='bbox 978 1163 1006 1216; x_wconf 88' lang='lat' dir='ltr'><strong>in</strong></span> <span class='ocrx_word' id='word_1_99' title='bbox 1027 1177 1099 1217; x_wconf 91' lang='lat' dir='ltr'><strong>con·</strong></span> 
     </span>
     <span class='ocr_line' id='line_1_13' title="bbox 136 1247 432 1306; baseline 0 -2"><span class='ocrx_word' id='word_1_100' title='bbox 136 1249 290 1306; x_wconf 88' lang='lat' dir='ltr'><strong>ductionem</strong></span> <span class='ocrx_word' id='word_1_101' title='bbox 305 1247 432 1304; x_wconf 84' lang='lat' dir='ltr'><strong>succedit.</strong></span> 
     </span>
    </p>
   </div>
   <div class='ocr_carea' id='block_1_3' title="bbox 474 1457 838 1596">
    <p class='ocr_par' dir='ltr' id='par_1_5' title="bbox 474 1457 838 1596">
     <span class='ocr_line' id='line_1_14' title="bbox 489 1457 838 1520; baseline 0 -22"><span class='ocrx_word' id='word_1_102' title='bbox 489 1458 547 1499; x_wconf 84' lang='lat' dir='ltr'><strong>r1r.</strong></span> <span class='ocrx_word' id='word_1_103' title='bbox 562 1459 628 1520; x_wconf 80' lang='lat' dir='ltr'><strong>xxv</strong></span> <span class='ocrx_word' id='word_1_104' title='bbox 637 1457 741 1510; x_wconf 69' lang='lat' dir='ltr'><strong>lxxvn.</strong></span> <span class='ocrx_word' id='word_1_105' title='bbox 825 1503 838 1517; x_wconf 33' lang='grc' dir='ltr'><strong>υ</strong></span> 
     </span>
     <span class='ocr_line' id='line_1_15' title="bbox 474 1543 753 1596; baseline -0.004 -1"><span class='ocrx_word' id='word_1_106' title='bbox 474 1545 524 1595; x_wconf 85' lang='lat' dir='ltr'><strong>DE</strong></span> <span class='ocrx_word' id='word_1_107' title='bbox 548 1543 753 1596; x_wconf 77' lang='lat' dir='ltr'>SOCIETATE.</span> 
     </span>
    </p>
   </div>
   <div class='ocr_carea' id='block_1_4' title="bbox 87 1660 1101 3329">
    <p class='ocr_par' dir='ltr' id='par_1_6' title="bbox 87 1660 1101 3329">
     <span class='ocr_line' id='line_1_16' title="bbox 87 1660 1101 1736; baseline -0.001 -16"><span class='ocrx_word' id='word_1_108' title='bbox 87 1679 122 1720; x_wconf 74' lang='lat' dir='ltr'><strong>er.</strong></span> <span class='ocrx_word' id='word_1_109' title='bbox 201 1660 379 1723; x_wconf 88' lang='lat' dir='ltr'><strong>¹Societatcm</strong></span> <span class='ocrx_word' id='word_1_110' title='bbox 402 1667 474 1723; x_wconf 92' lang='lat' dir='ltr'><strong>coire</strong></span> <span class='ocrx_word' id='word_1_111' title='bbox 496 1665 613 1721; x_wconf 89' lang='lat' dir='ltr'><strong>solemus</strong></span> <span class='ocrx_word' id='word_1_112' title='bbox 636 1675 683 1722; x_wconf 90' lang='lat' dir='ltr'><strong>aut</strong></span> <span class='ocrx_word' id='word_1_113' title='bbox 704 1674 824 1722; x_wconf 91' lang='lat' dir='ltr'><strong>totorum</strong></span> <span class='ocrx_word' id='word_1_114' title='bbox 839 1664 989 1734; x_wconf 87' lang='lat' dir='ltr'><strong>bonorum,</strong></span> <span class='ocrx_word' id='word_1_115' title='bbox 1013 1679 1101 1736; x_wconf 90' lang='lat' dir='ltr'><strong>quam</strong></span> 
     </span>
     <span class='ocr_line' id='line_1_17' title="bbox 138 1745 1100 1824; baseline -0.004 -18"><span class='ocrx_word' id='word_1_116' title='bbox 138 1750 230 1807; x_wconf 85' lang='lat' dir='ltr'><strong>Graeci</strong></span> <span class='ocrx_word' id='word_1_117' title='bbox 245 1750 398 1822; x_wconf 86' lang='lat' dir='ltr'><strong>specialiter</strong></span> <span class='ocrx_word' id='word_1_118' title='bbox 412 1745 622 1824; x_wconf 81' lang='grc' dir='ltr'><strong>κοινοπραξίαν</strong></span> <span class='ocrx_word' id='word_1_119' title='bbox 636 1749 787 1823; x_wconf 84' lang='lat' dir='ltr'><strong>appellant,</strong></span> <span class='ocrx_word' id='word_1_120' title='bbox 810 1757 856 1803; x_wconf 90' lang='lat' dir='ltr'><strong>aut</strong></span> <span class='ocrx_word' id='word_1_121' title='bbox 876 1749 956 1804; x_wconf 91' lang='lat' dir='ltr'><strong>unius</strong></span> <span class='ocrx_word' id='word_1_122' title='bbox 980 1747 1100 1803; x_wconf 87' lang='lat' dir='ltr'><strong>alieuius</strong></span> 
     </span>
     <span class='ocr_line' id='line_1_18' title="bbox 138 1829 1101 1906; baseline -0.004 -16"><span class='ocrx_word' id='word_1_123' title='bbox 138 1835 343 1906; x_wconf 82' lang='lat' dir='ltr'><strong>negotiationis,</strong></span> <span class='ocrx_word' id='word_1_124' title='bbox 367 1832 447 1888; x_wconf 87' lang='lat' dir='ltr'><strong>veluti</strong></span> <span class='ocrx_word' id='word_1_125' title='bbox 470 1833 662 1906; x_wconf 88' lang='lat' dir='ltr'><strong>mancipiorum</strong></span> <span class='ocrx_word' id='word_1_126' title='bbox 685 1833 859 1888; x_wconf 90' lang='lat' dir='ltr'><strong>emendorum</strong></span> <span class='ocrx_word' id='word_1_127' title='bbox 880 1829 1101 1887; x_wconf 89' lang='lat' dir='ltr'><strong>vendendorum-</strong></span> 
     </span>
     <span class='ocr_line' id='line_1_19' title="bbox 106 1913 1098 1991; baseline -0.001 -19"><span class='ocrx_word' id='word_1_128' title='bbox 106 1935 119 1982; x_wconf 92' lang='lat'>1</span> <span class='ocrx_word' id='word_1_129' title='bbox 138 1934 202 1991; x_wconf 89' lang='lat' dir='ltr'><strong>que,</strong></span> <span class='ocrx_word' id='word_1_130' title='bbox 218 1926 263 1972; x_wconf 91' lang='lat' dir='ltr'><strong>aut</strong></span> <span class='ocrx_word' id='word_1_131' title='bbox 279 1917 349 1987; x_wconf 91' lang='lat' dir='ltr'><strong>olei,</strong></span> <span class='ocrx_word' id='word_1_132' title='bbox 365 1917 432 1988; x_wconf 81' lang='lat' dir='ltr'><strong>vini,</strong></span> <span class='ocrx_word' id='word_1_133' title='bbox 448 1916 574 1972; x_wconf 82' lang='lat' dir='ltr'><strong>frumenti</strong></span> <span class='ocrx_word' id='word_1_134' title='bbox 590 1916 696 1972; x_wconf 90' lang='lat' dir='ltr'><strong>emendi</strong></span> <span class='ocrx_word' id='word_1_135' title='bbox 710 1915 903 1988; x_wconf 89' lang='lat' dir='ltr'><strong>vendendique.</strong></span> <span class='ocrx_word' id='word_1_136' title='bbox 934 1915 967 1970; x_wconf 82' lang='lat' dir='ltr'><strong>Et</strong></span> <span class='ocrx_word' id='word_1_137' title='bbox 983 1913 1098 1988; x_wconf 88' lang='lat' dir='ltr'><strong>quidem</strong></span> 
     </span>
     <span class='ocr_line' id='line_1_20' title="bbox 138 1999 1096 2074; baseline -0.004 -16"><span class='ocrx_word' id='word_1_138' title='bbox 138 2003 162 2058; x_wconf 92' lang='lat' dir='ltr'><strong>si</strong></span> <span class='ocrx_word' id='word_1_139' title='bbox 183 2000 250 2057; x_wconf 87' lang='lat' dir='ltr'><strong>nihil</strong></span> <span class='ocrx_word' id='word_1_140' title='bbox 277 2000 310 2056; x_wconf 92' lang='lat' dir='ltr'><strong>de</strong></span> <span class='ocrx_word' id='word_1_141' title='bbox 339 1999 460 2074; x_wconf 88' lang='lat' dir='ltr'><strong>partibus</strong></span> <span class='ocrx_word' id='word_1_142' title='bbox 487 2000 555 2057; x_wconf 88' lang='lat' dir='ltr'><strong>lucri</strong></span> <span class='ocrx_word' id='word_1_143' title='bbox 584 2008 612 2057; x_wconf 92' lang='lat' dir='ltr'><strong>et</strong></span> <span class='ocrx_word' id='word_1_144' title='bbox 639 1999 727 2056; x_wconf 89' lang='lat' dir='ltr'><strong>damni</strong></span> <span class='ocrx_word' id='word_1_145' title='bbox 748 2001 903 2055; x_wconf 85' lang='lat' dir='ltr'><strong>nominatim</strong></span> <span class='ocrx_word' id='word_1_146' title='bbox 926 1999 1096 2070; x_wconf 85' lang='lat' dir='ltr'><strong>convenerit,</strong></span> 
     </span>
     <span class='ocr_line' id='line_1_21' title="bbox 138 2083 1095 2159; baseline 0 -17"><span class='ocrx_word' id='word_1_147' title='bbox 138 2086 263 2159; x_wconf 88' lang='lat' dir='ltr'><strong>aequales</strong></span> <span class='ocrx_word' id='word_1_148' title='bbox 290 2084 392 2140; x_wconf 87' lang='lat' dir='ltr'><strong>scilicet</strong></span> <span class='ocrx_word' id='word_1_149' title='bbox 418 2092 509 2158; x_wconf 89' lang='lat' dir='ltr'><strong>partes</strong></span> <span class='ocrx_word' id='word_1_150' title='bbox 538 2085 564 2139; x_wconf 91' lang='lat' dir='ltr'><strong>in</strong></span> <span class='ocrx_word' id='word_1_151' title='bbox 593 2085 669 2141; x_wconf 89' lang='lat' dir='ltr'><strong>lucro</strong></span> <span class='ocrx_word' id='word_1_152' title='bbox 698 2093 726 2140; x_wconf 91' lang='lat' dir='ltr'><strong>et</strong></span> <span class='ocrx_word' id='word_1_153' title='bbox 752 2085 779 2138; x_wconf 90' lang='lat' dir='ltr'><strong>iu</strong></span> <span class='ocrx_word' id='word_1_154' title='bbox 806 2083 902 2138; x_wconf 90' lang='lat' dir='ltr'><strong>damno</strong></span> <span class='ocrx_word' id='word_1_155' title='bbox 925 2091 1095 2157; x_wconf 88' lang='lat' dir='ltr'><strong>spectantur.</strong></span> 
     </span>
     <span class='ocr_line' id='line_1_22' title="bbox 139 2165 1097 2243; baseline -0.002 -18"><span class='ocrx_word' id='word_1_156' title='bbox 139 2169 235 2242; x_wconf 88' lang='lat' dir='ltr'><strong>quodsi</strong></span> <span class='ocrx_word' id='word_1_157' title='bbox 251 2185 391 2242; x_wconf 87' lang='lat' dir='ltr'><strong>expressae</strong></span> <span class='ocrx_word' id='word_1_158' title='bbox 406 2167 506 2224; x_wconf 87' lang='lat' dir='ltr'><strong>luerint</strong></span> <span class='ocrx_word' id='word_1_159' title='bbox 521 2177 625 2243; x_wconf 89' lang='lat' dir='ltr'><strong>partes,</strong></span> <span class='ocrx_word' id='word_1_160' title='bbox 650 2168 699 2222; x_wconf 91' lang='lat' dir='ltr'><strong>hae</strong></span> <span class='ocrx_word' id='word_1_161' title='bbox 714 2169 814 2223; x_wconf 90' lang='lat' dir='ltr'><strong>servari</strong></span> <span class='ocrx_word' id='word_1_162' title='bbox 829 2165 941 2222; x_wconf 87' lang='lat' dir='ltr'><strong>debent:</strong></span> <span class='ocrx_word' id='word_1_163' title='bbox 956 2182 1006 2222; x_wconf 89' lang='lat' dir='ltr'><strong>nec</strong></span> <span class='ocrx_word' id='word_1_164' title='bbox 1021 2166 1097 2223; x_wconf 89' lang='lat' dir='ltr'><strong>enim</strong></span> 
     </span>
     <span class='ocr_line' id='line_1_23' title="bbox 139 2250 1097 2326; baseline -0.003 -17"><span class='ocrx_word' id='word_1_165' title='bbox 139 2269 255 2326; x_wconf 89' lang='lat' dir='ltr'><strong>uuquam</strong></span> <span class='ocrx_word' id='word_1_166' title='bbox 275 2250 385 2307; x_wconf 88' lang='lat' dir='ltr'><strong>dubium</strong></span> <span class='ocrx_word' id='word_1_167' title='bbox 405 2252 469 2323; x_wconf 85' lang='lat' dir='ltr'><strong>luit,</strong></span> <span class='ocrx_word' id='word_1_168' title='bbox 488 2253 552 2324; x_wconf 90' lang='lat' dir='ltr'><strong>quin</strong></span> <span class='ocrx_word' id='word_1_169' title='bbox 573 2251 658 2308; x_wconf 90' lang='lat' dir='ltr'><strong>valeat</strong></span> <span class='ocrx_word' id='word_1_170' title='bbox 674 2251 834 2322; x_wconf 85' lang='lat' dir='ltr'><strong>conventio,</strong></span> <span class='ocrx_word' id='word_1_171' title='bbox 855 2253 879 2306; x_wconf 88' lang='lat' dir='ltr'><strong>si</strong></span> <span class='ocrx_word' id='word_1_172' title='bbox 899 2251 953 2306; x_wconf 92' lang='lat' dir='ltr'><strong>duo</strong></span> <span class='ocrx_word' id='word_1_173' title='bbox 974 2251 1046 2306; x_wconf 89' lang='lat' dir='ltr'><strong>inter</strong></span> <span class='ocrx_word' id='word_1_174' title='bbox 1062 2267 1097 2306; x_wconf 90' lang='lat' dir='ltr'><strong>se</strong></span> 
     </span>
     <span class='ocr_line' id='line_1_24' title="bbox 138 2333 1098 2410; baseline 0 -20"><span class='ocrx_word' id='word_1_175' title='bbox 138 2339 210 2410; x_wconf 90' lang='lat' dir='ltr'><strong>pacti</strong></span> <span class='ocrx_word' id='word_1_176' title='bbox 225 2343 302 2404; x_wconf 88' lang='lat' dir='ltr'><strong>sunt,</strong></span> <span class='ocrx_word' id='word_1_177' title='bbox 325 2344 355 2390; x_wconf 92' lang='lat' dir='ltr'><strong>ut</strong></span> <span class='ocrx_word' id='word_1_178' title='bbox 375 2336 406 2390; x_wconf 90' lang='lat' dir='ltr'><strong>ad</strong></span> <span class='ocrx_word' id='word_1_179' title='bbox 422 2352 504 2391; x_wconf 89' lang='lat' dir='ltr'><strong>unum</strong></span> <span class='ocrx_word' id='word_1_180' title='bbox 518 2335 625 2408; x_wconf 90' lang='lat' dir='ltr'><strong>quidem</strong></span> <span class='ocrx_word' id='word_1_181' title='bbox 641 2336 706 2390; x_wconf 93' lang='lat' dir='ltr'><strong>duae</strong></span> <span class='ocrx_word' id='word_1_182' title='bbox 721 2343 810 2409; x_wconf 88' lang='lat' dir='ltr'><strong>partes</strong></span> <span class='ocrx_word' id='word_1_183' title='bbox 832 2343 859 2390; x_wconf 89' lang='lat' dir='ltr'><strong>et</strong></span> <span class='ocrx_word' id='word_1_184' title='bbox 880 2334 969 2390; x_wconf 89' lang='lat' dir='ltr'><strong>damni</strong></span> <span class='ocrx_word' id='word_1_185' title='bbox 982 2343 1010 2389; x_wconf 90' lang='lat' dir='ltr'><strong>et</strong></span> <span class='ocrx_word' id='word_1_186' title='bbox 1025 2333 1098 2391; x_wconf 88' lang='lat' dir='ltr'><strong>lueri</strong></span> 
     </span>
     <span class='ocr_line' id='line_1_25' title="bbox 106 2417 1097 2492; baseline 0 -18"><span class='ocrx_word' id='word_1_187' title='bbox 106 2435 122 2482; x_wconf 78' lang='lat'>2</span> <span class='ocrx_word' id='word_1_188' title='bbox 139 2421 301 2492; x_wconf 86' lang='lat' dir='ltr'><strong>pertineant,</strong></span> <span class='ocrx_word' id='word_1_189' title='bbox 316 2417 348 2473; x_wconf 90' lang='lat' dir='ltr'><strong>ad</strong></span> <span class='ocrx_word' id='word_1_190' title='bbox 364 2418 444 2474; x_wconf 89' lang='lat' dir='ltr'><strong>alium</strong></span> <span class='ocrx_word' id='word_1_191' title='bbox 458 2420 545 2478; x_wconf 87' lang='lat' dir='ltr'><strong>tertia.</strong></span> <span class='ocrx_word' id='word_1_192' title='bbox 575 2419 610 2474; x_wconf 84' lang='lat' dir='ltr'><strong>lle</strong></span> <span class='ocrx_word' id='word_1_193' title='bbox 622 2419 666 2474; x_wconf 92' lang='lat' dir='ltr'><strong>illa</strong></span> <span class='ocrx_word' id='word_1_194' title='bbox 677 2435 741 2474; x_wconf 90' lang='lat' dir='ltr'><strong>sane</strong></span> <span class='ocrx_word' id='word_1_195' title='bbox 752 2420 929 2474; x_wconf 87' lang='lat' dir='ltr'><strong>conventione</strong></span> <span class='ocrx_word' id='word_1_196' title='bbox 942 2419 1097 2490; x_wconf 89' lang='lat' dir='ltr'><strong>quaesitum</strong></span> 
     </span>
     <span class='ocr_line' id='line_1_26' title="bbox 141 2501 1098 2575; baseline -0.001 -17"><span class='ocrx_word' id='word_1_197' title='bbox 141 2510 198 2573; x_wconf 86' lang='lat' dir='ltr'><strong>cst,</strong></span> <span class='ocrx_word' id='word_1_198' title='bbox 219 2503 242 2557; x_wconf 91' lang='lat' dir='ltr'><strong>si</strong></span> <span class='ocrx_word' id='word_1_199' title='bbox 255 2501 340 2556; x_wconf 83' lang='lat' dir='ltr'><strong>&#39;lilius</strong></span> <span class='ocrx_word' id='word_1_200' title='bbox 361 2510 388 2556; x_wconf 91' lang='lat' dir='ltr'><strong>et</strong></span> <span class='ocrx_word' id='word_1_201' title='bbox 404 2503 480 2557; x_wconf 90' lang='lat' dir='ltr'><strong>Seius</strong></span> <span class='ocrx_word' id='word_1_202' title='bbox 495 2504 566 2559; x_wconf 90' lang='lat' dir='ltr'><strong>inter</strong></span> <span class='ocrx_word' id='word_1_203' title='bbox 586 2519 615 2557; x_wconf 90' lang='lat' dir='ltr'><strong>se</strong></span> <span class='ocrx_word' id='word_1_204' title='bbox 631 2505 702 2575; x_wconf 91' lang='lat' dir='ltr'><strong>pacti</strong></span> <span class='ocrx_word' id='word_1_205' title='bbox 717 2512 798 2573; x_wconf 87' lang='lat' dir='ltr'><strong>sunt,</strong></span> <span class='ocrx_word' id='word_1_206' title='bbox 821 2511 850 2557; x_wconf 93' lang='lat' dir='ltr'><strong>ut</strong></span> <span class='ocrx_word' id='word_1_207' title='bbox 864 2503 897 2557; x_wconf 90' lang='lat' dir='ltr'><strong>ad</strong></span> <span class='ocrx_word' id='word_1_208' title='bbox 911 2501 1008 2557; x_wconf 85' lang='lat' dir='ltr'><strong>&#39;litium</strong></span> <span class='ocrx_word' id='word_1_209' title='bbox 1024 2501 1098 2557; x_wconf 91' lang='lat' dir='ltr'><strong>lucri</strong></span> 
     </span>
     <span class='ocr_line' id='line_1_27' title="bbox 141 2585 1097 2658; baseline 0 -18"><span class='ocrx_word' id='word_1_210' title='bbox 141 2585 209 2642; x_wconf 90' lang='lat' dir='ltr'><strong>duae</strong></span> <span class='ocrx_word' id='word_1_211' title='bbox 229 2592 319 2658; x_wconf 88' lang='lat' dir='ltr'><strong>partes</strong></span> <span class='ocrx_word' id='word_1_212' title='bbox 338 2587 505 2658; x_wconf 83' lang='lat' dir='ltr'><strong>pertineant,</strong></span> <span class='ocrx_word' id='word_1_213' title='bbox 528 2585 618 2640; x_wconf 89' lang='lat' dir='ltr'><strong>damni</strong></span> <span class='ocrx_word' id='word_1_214' title='bbox 639 2587 731 2657; x_wconf 89' lang='lat' dir='ltr'><strong>tertia,</strong></span> <span class='ocrx_word' id='word_1_215' title='bbox 754 2585 786 2642; x_wconf 88' lang='lat' dir='ltr'><strong>ad</strong></span> <span class='ocrx_word' id='word_1_216' title='bbox 802 2587 891 2642; x_wconf 90' lang='lat' dir='ltr'><strong>Seium</strong></span> <span class='ocrx_word' id='word_1_217' title='bbox 912 2585 980 2640; x_wconf 90' lang='lat' dir='ltr'><strong>duae</strong></span> <span class='ocrx_word' id='word_1_218' title='bbox 1000 2592 1097 2658; x_wconf 89' lang='lat' dir='ltr'><strong>partes</strong></span> 
     </span>
     <span class='ocr_line' id='line_1_28' title="bbox 140 2667 1097 2739; baseline 0.001 -15"><span class='ocrx_word' id='word_1_219' title='bbox 140 2669 244 2739; x_wconf 87' lang='lat' dir='ltr'><strong>damni,</strong></span> <span class='ocrx_word' id='word_1_220' title='bbox 265 2667 333 2724; x_wconf 88' lang='lat' dir='ltr'><strong>lucri</strong></span> <span class='ocrx_word' id='word_1_221' title='bbox 350 2670 441 2739; x_wconf 84' lang='lat' dir='ltr'><strong>tertia,</strong></span> <span class='ocrx_word' id='word_1_222' title='bbox 462 2685 495 2725; x_wconf 91' lang='lat' dir='ltr'><strong>an</strong></span> <span class='ocrx_word' id='word_1_223' title='bbox 510 2678 566 2725; x_wconf 90' lang='lat' dir='ltr'><strong>rata</strong></span> <span class='ocrx_word' id='word_1_224' title='bbox 586 2667 666 2726; x_wconf 89' lang='lat' dir='ltr'><strong>debet</strong></span> <span class='ocrx_word' id='word_1_225' title='bbox 680 2669 771 2726; x_wconf 92' lang='lat' dir='ltr'><strong>haberi</strong></span> <span class='ocrx_word' id='word_1_226' title='bbox 786 2669 947 2726; x_wconf 83' lang='lat' dir='ltr'><strong>conventio?</strong></span> <span class='ocrx_word' id='word_1_227' title='bbox 977 2667 1097 2736; x_wconf 84' lang='lat' dir='ltr'><strong>Quintus</strong></span> 
     </span>
     <span class='ocr_line' id='line_1_29' title="bbox 141 2753 1097 2828; baseline 0 -20"><span class='ocrx_word' id='word_1_228' title='bbox 141 2753 242 2810; x_wconf 88' lang='lat' dir='ltr'><strong>lluoius</strong></span> <span class='ocrx_word' id='word_1_229' title='bbox 258 2763 351 2810; x_wconf 90' lang='lat' dir='ltr'><strong>contra</strong></span> <span class='ocrx_word' id='word_1_230' title='bbox 367 2761 487 2808; x_wconf 85' lang='lat' dir='ltr'><strong>naturam</strong></span> <span class='ocrx_word' id='word_1_231' title='bbox 507 2754 643 2809; x_wconf 90' lang='lat' dir='ltr'><strong>societatis</strong></span> <span class='ocrx_word' id='word_1_232' title='bbox 666 2754 744 2809; x_wconf 87' lang='lat' dir='ltr'><strong>talem</strong></span> <span class='ocrx_word' id='word_1_233' title='bbox 760 2755 911 2828; x_wconf 89' lang='lat' dir='ltr'><strong>pactionem</strong></span> <span class='ocrx_word' id='word_1_234' title='bbox 926 2768 985 2808; x_wconf 89' lang='lat' dir='ltr'><strong>esse</strong></span> <span class='ocrx_word' id='word_1_235' title='bbox 999 2754 1097 2808; x_wconf 87' lang='lat' dir='ltr'><strong>existi-</strong></span> 
     </span>
     <span class='ocr_line' id='line_1_30' title="bbox 140 2835 1096 2910; baseline -0.001 -17"><span class='ocrx_word' id='word_1_236' title='bbox 140 2839 220 2894; x_wconf 89' lang='lat' dir='ltr'><strong>mavit</strong></span> <span class='ocrx_word' id='word_1_237' title='bbox 241 2848 268 2893; x_wconf 92' lang='lat' dir='ltr'><strong>et</strong></span> <span class='ocrx_word' id='word_1_238' title='bbox 288 2837 322 2893; x_wconf 93' lang='lat' dir='ltr'><strong>ob</strong></span> <span class='ocrx_word' id='word_1_239' title='bbox 342 2835 369 2892; x_wconf 90' lang='lat' dir='ltr'><strong>id</strong></span> <span class='ocrx_word' id='word_1_240' title='bbox 389 2852 443 2892; x_wconf 88' lang='lat' dir='ltr'><strong>non</strong></span> <span class='ocrx_word' id='word_1_241' title='bbox 464 2853 522 2892; x_wconf 87' lang='lat' dir='ltr'><strong>esse</strong></span> <span class='ocrx_word' id='word_1_242' title='bbox 537 2844 619 2892; x_wconf 91' lang='lat' dir='ltr'><strong>ratam</strong></span> <span class='ocrx_word' id='word_1_243' title='bbox 635 2835 788 2896; x_wconf 89' lang='lat' dir='ltr'><strong>habendam.</strong></span> <span class='ocrx_word' id='word_1_244' title='bbox 824 2837 933 2893; x_wconf 88' lang='lat' dir='ltr'><strong>Servius</strong></span> <span class='ocrx_word' id='word_1_245' title='bbox 947 2835 1096 2910; x_wconf 86' lang='lat' dir='ltr'><strong>Sulpicius,</strong></span> 
     </span>
     <span class='ocr_line' id='line_1_31' title="bbox 140 2921 1097 2994; baseline 0 -18"><span class='ocrx_word' id='word_1_246' title='bbox 140 2923 216 2978; x_wconf 87' lang='lat' dir='ltr'><strong>cuius</strong></span> <span class='ocrx_word' id='word_1_247' title='bbox 236 2923 369 2977; x_wconf 89' lang='lat' dir='ltr'><strong>sententia</strong></span> <span class='ocrx_word' id='word_1_248' title='bbox 390 2921 550 2994; x_wconf 84' lang='lat' dir='ltr'><strong>praevaluit,</strong></span> <span class='ocrx_word' id='word_1_249' title='bbox 573 2930 666 2976; x_wconf 88' lang='lat' dir='ltr'><strong>contra</strong></span> <span class='ocrx_word' id='word_1_250' title='bbox 681 2923 776 2988; x_wconf 86' lang='lat' dir='ltr'><strong>sentit,</strong></span> <span class='ocrx_word' id='word_1_251' title='bbox 799 2923 860 2993; x_wconf 89' lang='lat' dir='ltr'><strong>quia</strong></span> <span class='ocrx_word' id='word_1_252' title='bbox 875 2937 955 2994; x_wconf 89' lang='lat' dir='ltr'><strong>saepe</strong></span> <span class='ocrx_word' id='word_1_253' title='bbox 970 2937 1097 2993; x_wconf 87' lang='lat' dir='ltr'><strong>quorun·</strong></span> 
     </span>
     <span class='ocr_line' id='line_1_32' title="bbox 141 3005 1097 3078; baseline 0 -18"><span class='ocrx_word' id='word_1_254' title='bbox 141 3005 200 3060; x_wconf 90' lang='lat' dir='ltr'><strong>dam</strong></span> <span class='ocrx_word' id='word_1_255' title='bbox 216 3007 251 3061; x_wconf 89' lang='lat' dir='ltr'><strong>ita</strong></span> <span class='ocrx_word' id='word_1_256' title='bbox 266 3007 383 3078; x_wconf 89' lang='lat' dir='ltr'><strong>pretiosa</strong></span> <span class='ocrx_word' id='word_1_257' title='bbox 399 3013 440 3060; x_wconf 92' lang='lat' dir='ltr'><strong>est</strong></span> <span class='ocrx_word' id='word_1_258' title='bbox 461 3021 540 3077; x_wconf 91' lang='lat' dir='ltr'><strong>opera</strong></span> <span class='ocrx_word' id='word_1_259' title='bbox 556 3005 583 3059; x_wconf 88' lang='lat' dir='ltr'><strong>in</strong></span> <span class='ocrx_word' id='word_1_260' title='bbox 598 3006 742 3077; x_wconf 90' lang='lat' dir='ltr'><strong>societate,</strong></span> <span class='ocrx_word' id='word_1_261' title='bbox 764 3013 794 3060; x_wconf 90' lang='lat' dir='ltr'><strong>ut</strong></span> <span class='ocrx_word' id='word_1_262' title='bbox 809 3021 856 3060; x_wconf 89' lang='lat' dir='ltr'><strong>eos</strong></span> <span class='ocrx_word' id='word_1_263' title='bbox 871 3007 971 3060; x_wconf 88' lang='lat' dir='ltr'><strong>iustum</strong></span> <span class='ocrx_word' id='word_1_264' title='bbox 986 3007 1021 3061; x_wconf 87' lang='lat' dir='ltr'><strong>sit</strong></span> <span class='ocrx_word' id='word_1_265' title='bbox 1036 3021 1097 3060; x_wconf 89' lang='lat' dir='ltr'><strong>me-</strong></span> 
     </span>
     <span class='ocr_line' id='line_1_33' title="bbox 140 3088 1098 3161; baseline 0.001 -18"><span class='ocrx_word' id='word_1_266' title='bbox 140 3088 208 3145; x_wconf 89' lang='lat' dir='ltr'><strong>liore</strong></span> <span class='ocrx_word' id='word_1_267' title='bbox 224 3089 380 3145; x_wconf 87' lang='lat' dir='ltr'><strong>condicione</strong></span> <span class='ocrx_word' id='word_1_268' title='bbox 400 3089 427 3143; x_wconf 90' lang='lat' dir='ltr'><strong>in</strong></span> <span class='ocrx_word' id='word_1_269' title='bbox 448 3090 603 3144; x_wconf 78' lang='lat' dir='ltr'><strong>societatem</strong></span> <span class='ocrx_word' id='word_1_270' title='bbox 621 3088 739 3144; x_wconf 88' lang='lat' dir='ltr'><strong>admitti:</strong></span> <span class='ocrx_word' id='word_1_271' title='bbox 762 3105 823 3145; x_wconf 88' lang='lat' dir='ltr'><strong>nam</strong></span> <span class='ocrx_word' id='word_1_272' title='bbox 837 3091 913 3144; x_wconf 87' lang='lat' dir='ltr'><strong>etita</strong></span> <span class='ocrx_word' id='word_1_273' title='bbox 930 3089 996 3143; x_wconf 89' lang='lat' dir='ltr'><strong>coiri</strong></span> <span class='ocrx_word' id='word_1_274' title='bbox 1009 3105 1098 3161; x_wconf 89' lang='lat' dir='ltr'><strong>posse</strong></span> 
     </span>
     <span class='ocr_line' id='line_1_34' title="bbox 140 3171 1100 3246; baseline 0.001 -19"><span class='ocrx_word' id='word_1_275' title='bbox 140 3173 296 3230; x_wconf 87' lang='lat' dir='ltr'><strong>societatem</strong></span> <span class='ocrx_word' id='word_1_276' title='bbox 316 3189 369 3227; x_wconf 90' lang='lat' dir='ltr'><strong>non</strong></span> <span class='ocrx_word' id='word_1_277' title='bbox 391 3171 545 3243; x_wconf 80' lang='lat' dir='ltr'><strong>dubitatur,</strong></span> <span class='ocrx_word' id='word_1_278' title='bbox 569 3179 599 3227; x_wconf 92' lang='lat' dir='ltr'><strong>ut</strong></span> <span class='ocrx_word' id='word_1_279' title='bbox 619 3172 686 3227; x_wconf 91' lang='lat' dir='ltr'><strong>alter</strong></span> <span class='ocrx_word' id='word_1_280' title='bbox 706 3174 845 3246; x_wconf 87' lang='lat' dir='ltr'><strong>pecuniam</strong></span> <span class='ocrx_word' id='word_1_281' title='bbox 864 3172 1000 3242; x_wconf 79' lang='lat' dir='ltr'><strong>conferat,</strong></span> <span class='ocrx_word' id='word_1_282' title='bbox 1023 3171 1100 3228; x_wconf 88' lang='lat' dir='ltr'><strong>alter</strong></span> 
     </span>
     <span class='ocr_line' id='line_1_35' title="bbox 141 3255 1100 3329; baseline 0.003 -20"><span class='ocrx_word' id='word_1_283' title='bbox 141 3271 196 3311; x_wconf 90' lang='lat' dir='ltr'><strong>non</strong></span> <span class='ocrx_word' id='word_1_284' title='bbox 217 3255 338 3312; x_wconf 82' lang='lat' dir='ltr'><strong>conserat</strong></span> <span class='ocrx_word' id='word_1_285' title='bbox 357 3264 383 3310; x_wconf 91' lang='lat' dir='ltr'><strong>et</strong></span> <span class='ocrx_word' id='word_1_286' title='bbox 406 3264 494 3312; x_wconf 89' lang='lat' dir='ltr'><strong>tamen</strong></span> <span class='ocrx_word' id='word_1_287' title='bbox 516 3256 619 3312; x_wconf 89' lang='lat' dir='ltr'><strong>lucrum</strong></span> <span class='ocrx_word' id='word_1_288' title='bbox 641 3258 778 3312; x_wconf 88' lang='lat' dir='ltr'><strong>intereos</strong></span> <span class='ocrx_word' id='word_1_289' title='bbox 801 3272 941 3313; x_wconf 89' lang='lat' dir='ltr'><strong>commune</strong></span> <span class='ocrx_word' id='word_1_290' title='bbox 955 3257 1005 3327; x_wconf 90' lang='lat' dir='ltr'><strong>sit,</strong></span> <span class='ocrx_word' id='word_1_291' title='bbox 1030 3256 1100 3329; x_wconf 92' lang='lat' dir='ltr'><strong>quia</strong></span> 
     </span>
    </p>
   </div>
   <div class='ocr_carea' id='block_1_5' title="bbox 141 3369 341 3378">
    <p class='ocr_par' dir='ltr' id='par_1_7' title="bbox 141 3369 341 3378">
     <span class='ocr_line' id='line_1_36' title="bbox 141 3369 341 3378; baseline 0 -2"><span class='ocrx_word' id='word_1_292' title='bbox 141 3369 341 3378; x_wconf 48' lang='lat'><strong>*—</strong></span> 
     </span>
    </p>
   </div>
   <div class='ocr_carea' id='block_1_6' title="bbox 209 3427 492 3498">
    <p class='ocr_par' dir='ltr' id='par_1_8' title="bbox 209 3427 492 3498">
     <span class='ocr_line' id='line_1_37' title="bbox 209 3427 492 3498; baseline 0.014 -13"><span class='ocrx_word' id='word_1_293' title='bbox 209 3431 229 3498; x_wconf 88' lang='lat'><strong>¹)</strong></span> <span class='ocrx_word' id='word_1_294' title='bbox 249 3435 303 3488; x_wconf 78' lang='lat' dir='ltr'><strong>dat.</strong></span> <span class='ocrx_word' id='word_1_295' title='bbox 321 3437 349 3497; x_wconf 84' lang='lat'><strong>3,</strong></span> <span class='ocrx_word' id='word_1_296' title='bbox 369 3427 492 3489; x_wconf 78' lang='lat' dir='ltr'><strong>tta&#39;mot.</strong></span> 
     </span>
    </p>
   </div>
   <div class='ocr_carea' id='block_1_7' title="bbox 0 0 1254 3890">
    <p class='ocr_par' dir='ltr' id='par_1_9' title="bbox 0 0 1254 3890">
     <span class='ocr_line' id='line_1_38' title="bbox 0 0 1254 3890; baseline 0 0"><span class='ocrx_word' id='word_1_297' title='bbox 0 0 1254 3890; x_wconf 95' lang='lat' dir='ltr'><strong> </strong></span> 
     </span>
    </p>
   </div>
  </div>
 </body>
</html>
