2492 3896
360 182 395 216 oe
413 180 585 218 ruorrroroso
603 181 778 220 responsuro
795 169 832 231 11,
851 170 891 224 18.
1065 168 1103 230 77

148 322 258 378 irritum
273 319 371 376 foetum
387 322 422 376 sit
431 327 633 393 testamentum,
649 321 722 394 quod
736 323 869 380 eivitrtem
881 321 924 380 vel
934 323 1014 380 otium
1025 321 1105 378 iiber·

147 411 233 460 tutem
248 412 364 460 testator
377 405 477 473 amisit,
492 413 537 461 aut
553 405 616 478 quie
629 406 658 460 iu
673 405 843 479 adoptionem
856 422 888 462 se
902 405 977 463 ‹iodit
989 415 1018 462 ot
1033 422 1104 462 mor·

150 490 184 544 tis
199 497 323 561 tempore
337 489 365 544 iu
378 488 496 561 adoptivi
511 489 595 561 patris
608 495 741 561 potestate
756 491 801 562 sit,
816 507 870 546 non
880 497 972 564 potest
986 490 1103 563 scriptus

145 572 228 628 heres
244 571 392 628 secuudum
403 570 506 628 tabulas
517 569 649 628 horrorum
666 575 865 645 possessiouem
883 582 985 646 petere.
1013 572 1051 630 Ex
1064 577 1154 644 eo(6)'t

146 664 238 711 eutem
255 654 316 712 solo
331 671 387 710 non
400 663 494 728 potest
506 653 635 712 infirmari
648 663 850 727 testamentum,
867 657 940 730 quod
954 665 1049 731 poster
1064 665 1104 713 te-

146 745 237 794 stator
259 737 286 793 id
305 738 395 794 uoluit
414 737 517 794 velere:
540 737 656 812 plusque
671 733 771 810 adeo‚¹
788 741 840 796 etsi
854 741 914 813 quls
925 748 991 814 post
1005 740 1104 798 fretum

146 823 224 896 prius
240 829 429 878 testamentum
445 822 581 894 posterius
596 821 685 880 iecore
700 825 819 896 coeperit
841 830 868 878 et
882 831 927 879 eut
938 823 1103 880 mortalitate

147 912 322 978 praeventus,
338 913 385 960 rut
399 906 463 978 quia
471 921 533 961 eum
544 907 601 962 eius
616 907 656 962 roi
665 908 809 978 poenituit,
824 905 851 962 id
866 923 921 962 nost
935 905 1104 979 perieoissot,

147 989 201 1046 divi
221 988 369 1046 Pertinacis
389 989 512 1045 oratione
532 995 640 1046 cautum
658 998 722 1060 est,·
737 1007 771 1048 ne
791 989 854 1046 alias
874 988 979 1046 tabulae
998 991 1103 1063 priores

146 1072 207 1128 iure
227 1071 314 1128 foetae
335 1073 427 1128 irritae
448 1069 529 1144 fient,
549 1072 601 1128 uisi
616 1082 760 1146 sequentes
775 1075 833 1130 iuro
849 1073 984 1130 ordinetoe
999 1080 1027 1128 et
1041 1089 1102 1145 per·

146 1157 234 1212 tectae
249 1154 362 1212 suerint.
392 1172 453 1211 urm
466 1155 655 1228 imperfectum
670 1165 859 1214 testamentum
874 1159 933 1212 siue
947 1155 1028 1212 dubio
1041 1154 1103 1212 uul-

145 1239 205 1296 lum
220 1247 272 1294 est.
301 1239 398 1294 Εῆάεηι
414 1240 536 1295 ustione
551 1241 697 1312 expressit,
713 1257 768 1296 non
783 1240 960 1297 admissurum
975 1257 1005 1296 so
1019 1240 1153 1310 here-(t)8

145 1323 262 1379 ditutsm
277 1323 352 1393 eius,
368 1324 413 1395 qru‘
428 1322 484 1378 litis
499 1338 577 1378 orusr
592 1324 738 1396 principem
751 1323 879 1380 heredem
893 1325 1041 1396 reliquerit,
1057 1339 1102 1380 no·

145 1423 203 1478 que
216 1405 321 1462 tabulas
337 1422 393 1462 uon
407 1405 526 1478 legitimo
540 1406 635 1475 iustus,
649 1407 677 1461 iu
692 1405 787 1478 quibus
802 1408 860 1479 ipse
876 1405 909 1462 ob
925 1423 982 1462 eum
996 1422 1103 1463 oausam

144 1491 228 1548 heres
240 1490 383 1546 institutus
392 1497 468 1559 eret,
487 1487 663 1562 probaturum
683 1505 770 1563 neque
785 1505 817 1545 ex
832 1488 902 1545 uude
916 1505 983 1546 vooe
997 1488 1102 1545 heredis

143 1589 249 1630 nomen
263 1573 439 1628 admissurum
451 1588 542 1643 usquo
556 1588 588 1630 ex
604 1572 657 1629 teilo
678 1574 828 1646 scriptura,
849 1574 892 1628 oui
906 1573 972 1628 iuris
988 1572 1103 1628 auotori-

144 1665 189 1714 tes
201 1656 281 1726 desit,
295 1656 396 1729 aliquid
406 1655 575 1728 *adepturum
605 1656 751 1712 seeundum
762 1657 828 1712 haee
839 1656 891 1712 divi
903 1671 1011 1729 quoque
1023 1655 1102 1720 Seve-

144 1757 197 1798 rus
207 1747 240 1796 ret
254 1741 405 1798 Antoninus
421 1739 576 1812 saepissime
590 1742 801 1814 resoripsorunt:
817 1739 891 1797 ‘licet
905 1737 999 1812 euim‚'
1014 1739 1090 1814 iupui

143 1831 209 1897 urst,
225 1822 343 1898 ‘legibus
357 1823 557 1893 solutisumus,
572 1832 688 1880 ettamen
703 1823 806 1896 legibus
820 1825 955 1882 vivimus?

546 2051 604 2092 mu.
616 2051 705 2094 XVIII.

340 2150 391 2201 DE
408 2150 638 2204 IrtOFFItttouo
656 2151 909 2204 TESTAMENTO.

212 2289 278 2358 Quia
295 2289 456 2364 plerumque
474 2297 599 2362 parentes
619 2290 677 2344 sine
696 2305 774 2345 causo
793 2288 892 2345 liberos
913 2305 979 2346 suos
999 2288 1041 2345 ve'l
1056 2307 1101 2346 ex·
1114 2313 1148 2355 p,

142 2373 280 2434 heredent
300 2373 342 2428 vel
357 2375 499 2439 omittunt,
520 2372 659 2427 inductum
675 2378 733 2443 est,
752 2380 782 2428 ut
803 2372 837 2428 de
851 2371 1002 2429 inofficioso
1019 2381 1101 2432 testo-

142 2466 241 2514 mento
256 2473 336 2532 ogere
356 2458 462 2530 possint
481 2454 573 2525 liberi,
595 2457 639 2530 qui
660 2464 824 2528 queruntur„
844 2465 889 2514 eut
909 2459 998 2530 inique
1012 2473 1042 2513 se
1057 2476 1101 2515 ex·

143 2541 293 2599 heredetos
308 2548 354 2595 eut
368 2542 458 2614 inique
473 2540 644 2612 prseteritos,
660 2531 731 2596 ²hoo
745 2541 847 2612 colore,
862 2543 937 2614 quusi
951 2558 1006 2598 uon
1021 2557 1101 2598 sonae

218 2819 239 2882 ¹)
256 2821 351 2884 scripsi
361 2832 446 2884 usque
458 2818 525 2868 odeo
537 2821 568 2868 ut
578 2821 744 2870 omoeseodd.
754 2819 813 2868 edd.
822 2818 869 2868 red
880 2811 912 2868 τὰ
924 2811 1012 2868 reie'ov
1025 2813 1099 2884 φημὶ

146 2888 263 2940 absolute
280 2887 401 2950 Theoph,
420 2893 447 2936 ut
457 2885 499 2949 pl·
509 2893 617 2948 propter
629 2888 780 2935 antecedens
793 2884 896 2933 vale-re
912 2885 1040 2934 eaeot'dr'ese
1052 2901 1099 2948 ap-

145 2961 250 3020 pareat.
280 2957 327 3004 red
338 2961 363 3004 et
375 2957 405 3002 ut
417 2953 530 3003 librariis
544 2953 640 3014 deberi,
656 2959 763 3017 praeter
774 2953 800 3000 in
808 2952 860 3013 fine
871 2965 978 3015 sequeno
991 2955 1099 3001 cautum

146 3020 203 3073 es‘o
220 3024 296 3072 docet
312 3023 425 3071 omissum
441 3022 467 3068 in
478 3021 606 3083 ples-ioque
618 3020 691 3070 codri
707 3020 825 3082 pro-trime
841 3033 948 3082 repuens
966 3022 1002 3080 et,
1020 3024 1098 3068 nutta-

147 3097 198 3138 tum
213 3103 249 3138 so.
268 3088 300 3138 ab
317 3090 349 3136 iis
363 3093 524 3151 portusque
541 3086 607 3136 adeo
619 3089 645 3135 r'n
657 3091 695 3136 ut.
714 3087 746 3134 de
763 3086 948 3135 constructione
966 3085 1001 3146 os.
1014 3086 1099 3140 Ptout.

150 3156 226 3210 Tmo.
246 3156 274 3216 2,
294 3156 322 3215 1,
342 3157 365 3205 5.
388 3153 526 3217 magisque
548 3153 617 3204 adeo
634 3153 660 3202 ei
678 3151 848 3204 consiliosius
866 3152 911 3202 hio
928 3152 1029 3202 omious
1047 3155 1097 3214 est,

148 3238 228 3286 quom
250 3221 409 3272 auxiliarius
431 3224 531 3286 otiaque
550 3221 681 3283 coempta,
706 3234 770 3283 quoe
793 3219 895 3270 exhibet
916 3219 1017 3270 Hundii
1035 3219 1098 3268 Tus·-

146 3291 227 3340 settin.
250 3289 274 3337 I.
296 3305 322 3352 p.
342 3290 404 3340 147.
427 3287 487 3351 plus
509 3291 618 3338 erutum
641 3290 684 3336 est
701 3286 809 3346 dietum,
835 3292 863 3335 ut
885 3283 946 3350 plus
972 3285 1098 3346 arbitror,

148 3356 209 3421 plus
221 3355 327 3404 *dieitur
344 3357 443 3418 altaque
459 3355 595 3404 notissima.
674 3349 694 3415 ²)
710 3353 767 3414 fere
783 3372 818 3396 ε
834 3353 867 3406 L.
881 3356 910 3406 2.
925 3353 959 3408 D.
977 3354 1009 3404 tie
1025 3355 1097 3419 inoff.

148 3430 205 3474 test.
223 3420 261 3487 (5,
281 3421 307 3486 2)
325 3438 360 3472 ece
377 3421 507 3472 Marciam·
523 3425 538 3471 l.
558 3423 574 3470 4
591 3421 669 3470 instit.
