2492 3896
217 237 220 245 ,
287 213 322 247 nn
341 213 599 250 snuaroscousunro
617 213 804 249 maconiano
822 199 874 260 111,
892 201 917 250 3.
1022 195 1083 260 109

118 346 338 408 constitutione¹
354 355 501 423 sanximus,
516 369 595 425 quam
610 352 643 407 de
658 355 716 408 iure
731 361 902 426 patronatus,
920 353 1083 409 humanitate

119 443 300 510 suggerente,
315 436 489 509 protulimus,
504 439 703 492 successionem
718 438 746 491 in
759 437 936 510 adgnatorum
952 437 1083 492 heredita·

118 519 196 574 tibus
211 536 267 575 oon
281 536 340 575 esse
352 521 390 575 eis
404 519 598 594 denegandam,
613 537 674 576 cum
685 521 750 576 satis
766 520 910 576 absurdum
926 529 994 590 erat,
1010 520 1082 593 quod
1158 559 1162 570 „

118 605 246 676 cognatis
263 619 277 658 a
292 611 419 677 praetore
434 613 556 677 apertum
576 613 634 675 est,
655 604 708 659 hoc
723 602 846 677 adgnatis
861 621 921 660 esse
936 605 1082 676 reclusum,

117 689 234 743 maxime
250 703 310 743 cum
331 689 359 742 in
380 704 462 742 onere
482 689 588 761 quidem
611 687 751 745 tutelarum
773 698 801 743 et
815 689 901 761 primo
916 687 1002 761 gradu
1017 686 1082 743 deli-

117 771 222 844 ciente,
237 787 355 843 sequens
370 772 489 827 succedit
505 779 541 840 et,
558 770 630 844 quod
646 773 673 826 in
690 787 772 827 onere
788 771 941 844 optinebat,
956 787 1011 826 non
1026 781 1085 827 erat

117 855 146 910 in
163 854 241 910 lucro
257 855 426 927 permissum.

185 937 226 992 Ad
249 938 396 1012 legitimam
425 940 623 994 successionem
653 938 737 994 nihilo
761 939 847 992 minus
870 947 983 993 vocatur
1004 940 1116 1002 etiams

118 1037 238 1094 parens,
262 1023 308 1094 qui
331 1031 468 1078 contracta
490 1020 586 1078 fiducia
609 1021 692 1077 lilium
715 1021 756 1076 vel
780 1019 878 1093 liliam,
893 1029 1019 1094 nepotem
1040 1021 1083 1077 vel

117 1115 229 1179 neptem
245 1121 276 1160 ac
291 1104 417 1179 deinceps
440 1106 597 1179 emancipat.
628 1105 700 1178 quod
715 1121 748 1160 cx
762 1113 855 1160 nostra
870 1097 1083 1160 constitutione²

118 1188 279 1243 omnimodo
291 1188 438 1260 inducitur,
453 1197 483 1244 ut
497 1190 720 1262 emancipationes
737 1188 883 1245 liberorum
894 1204 1001 1262 semper
1012 1187 1083 1244 vide-

118 1281 203 1327 antur
218 1281 358 1328 contracta
372 1273 467 1328 fiducia
483 1271 550 1338 fieri,
567 1288 627 1327 cum
643 1272 711 1345 apud
728 1275 853 1344 antiquos
869 1288 924 1328 non
938 1273 1016 1328 aliter
1031 1273 1084 1329 hoc

116 1354 269 1430 optinebat,
277 1357 328 1410 uisi
342 1357 493 1430 specialiter
506 1364 644 1413 contracta
656 1354 753 1412 fiducia
763 1372 861 1429 parens
872 1358 1081 1412 manumisisset.

544 1566 602 1607 m.
616 1567 661 1606 III.

245 1653 295 1703 DE
314 1649 670 1734 surtariiscortsuuro
688 1647 956 1700 TERTULLIANO.

185 1773 241 1829 Lex
256 1773 396 1829 duodecim
412 1771 560 1828 tabularum
581 1774 618 1828 ita
639 1774 734 1828 stricto
750 1773 809 1828 iure
823 1771 949 1829 utebatur
963 1781 992 1830 et
1006 1790 1083 1846 prae·
1096 1788 1130 1829 er.

117 1859 241 1932 ponebat
253 1857 435 1912 masculorum
451 1859 608 1930 progeniem
625 1864 652 1911 et
666 1873 726 1928 eos,
742 1858 788 1929 qui
804 1873 852 1929 per
866 1857 986 1913 feminini
1003 1875 1087 1913 sexus·

117 1941 350 2000 necessitudinem
366 1939 416 1994 sibi
431 1941 596 2012 iunguntur,
612 1939 678 1995 adeo
694 1939 856 2013 expellebat,
880 1949 959 1996 utne
974 1941 1082 2014 quidem

118 2029 195 2082 inter
215 2033 328 2079 matrem
348 2032 375 2078 et
395 2022 477 2079 filium
499 2021 611 2078 filiamve
633 2023 706 2078 ultro
728 2024 851 2096 citroque
867 2015 1023 2080 hereditati's
1039 2042 1082 2080 ca·

118 2108 235 2183 piendae
254 2109 296 2162 ius
317 2107 404 2176 daret,
427 2108 478 2161 nisi
493 2109 565 2178 quod
585 2114 724 2180 praetores
745 2123 777 2161 ex
798 2109 968 2179 proximitate
983 2124 1081 2180 cogna-

120 2202 213 2248 torum
227 2208 272 2247 eas
285 2206 413 2264 personas
426 2189 458 2244 ad
470 2192 666 2246 successionem
678 2187 810 2245 bonorum
819 2192 994 2263 possessione
1010 2189 1081 2246 unde

119 2277 233 2350 cognati
245 2274 442 2330 accommodata
453 2273 593 2330 vocabant.
623 2273 675 2328 Sed
688 2273 739 2327 hae
754 2274 820 2328 iuris
832 2275 973 2347 angustiae
987 2281 1081 2347 postea
1100 2277 1113 2324 1

120 2358 278 2416 emendatae
299 2365 372 2414 sunt.
410 2365 437 2412 et
457 2358 558 2429 primus
578 2358 684 2431 quidem
705 2356 781 2412 divus
803 2357 925 2412 Claudius
947 2359 1023 2413 matri
1048 2359 1080 2414 ad

120 2443 250 2500 solatium
262 2442 407 2497 liberorum
419 2443 577 2496 amissorum
592 2440 741 2512 legitimam
756 2457 849 2497 eorum
865 2441 962 2498 detulit
975 2443 1081 2498 heredi·

120 2536 217 2583 tatem.
247 2525 344 2580 Postea
363 2535 451 2580 autem
475 2524 711 2580 senatusconsulto
732 2524 913 2596 Tertulliano,
937 2526 1008 2599 quod
1028 2527 1114 2583 diua

120 2609 251 2666 Hadriani
273 2608 437 2681 temporibus
458 2609 557 2663 iactum
578 2616 636 2676 est,
658 2609 812 2681 plenissime
834 2610 867 2664 de
883 2612 952 2666 tristi
974 2627 1079 2666 succes-

121 2697 200 2750 sione
216 2693 310 2762 matri,
331 2708 385 2747 non
407 2693 486 2747 etiam
502 2693 571 2746 aviae
587 2691 730 2748 deferenda
751 2701 857 2750 cautum
874 2703 929 2751 est:
953 2701 982 2747 ut
998 2704 1081 2749 mater

121 2779 240 2850 ingenua
269 2777 348 2830 trium
374 2774 519 2830 liberorum
545 2777 587 2831 ius
615 2775 731 2847 hubenc,
753 2777 876 2831 libertina
898 2784 1027 2848 quattuor
1048 2776 1080 2831 ad

120 2859 195 2916 bona
216 2858 332 2914 filiorum
353 2857 498 2914 filiarumve
519 2858 675 2915 admittatur
695 2862 885 2915 intestatorum
900 2866 1080 2932 mortuorum,

121 2943 188 2999 licet
202 2945 229 2998 in
245 2950 380 3016 potestate
395 2944 514 3016 parentis
529 2951 581 3016 est,
596 2952 626 2998 ut
641 2943 756 3015 scilicet,
771 2959 831 2998 cum
847 2943 933 2997 alieno
948 2943 1001 2996 iuri
1016 2942 1078 2998 sub-

123 3029 191 3083 iecta
207 3035 258 3097 est,
273 3028 348 3082 iussu
363 3028 421 3081 eius
436 3025 528 3096 adeat,
548 3028 623 3082 cuius
637 3028 690 3082 iuri
704 3025 823 3082 subiecta
840 3034 889 3080 est.
921 3026 1080 3082 Praelerun·
1097 3041 1112 3088 3

124 3119 168 3165 tur
177 3119 268 3166 autem
280 3112 358 3165 matri
369 3109 442 3165 liberi
454 3109 583 3180 defuncti,
603 3111 650 3182 qui
662 3112 704 3164 sui
715 3118 779 3164 sunt
791 3111 870 3182 quive
882 3126 993 3166 suorum
1006 3109 1079 3181 loco,

124 3195 178 3249 sive
197 3195 275 3266 primi
295 3193 394 3268 gradus
415 3195 470 3249 sive
491 3194 636 3250 ulterioris.
668 3191 715 3247 sed
736 3202 764 3248 et
784 3192 855 3266 filiae
872 3209 935 3249 snae
957 3201 1079 3249 mortuae

191 3389 210 3452 ¹)
228 3391 261 3439 L.
278 3393 303 3442 4.
321 3391 344 3451 ς.
358 3391 399 3439 20.
420 3389 447 3438 C.
467 3391 498 3440 de
516 3392 570 3440 iare
586 3394 691 3452 patron.
711 3387 747 3452 (6,
760 3388 795 3450 4).
824 3433 826 3440 ,
866 3387 887 3455 ²)
905 3390 937 3439 L.
957 3391 981 3440 d.
1001 3390 1028 3442 C.
1047 3393 1079 3442 de

125 3459 243 3522 emancip.
262 3454 296 3528 (8,
315 3457 348 3506 48
365 3460 397 3506 cal.
417 3455 469 3518 49).
