2500 3890
421 205 456 239 on
475 205 717 242 xorxrcarronrnns
735 193 780 254 IV,
799 194 839 243 14.
1046 192 1105 254 191

153 345 220 400 baec
234 345 381 418 procedere
396 345 536 416 volumus,
558 346 605 401 sed
620 363 697 417 eum,
719 348 764 420 qui
779 355 840 402 ante
855 355 961 421 ternpus
976 349 1106 421 pactionis

153 427 196 487 vel
217 428 390 502 obligationis
410 429 484 484 litem
505 429 604 485 inferre
620 446 700 484 ausus
715 438 772 501 est,
793 431 959 487 Zenonianae
974 433 1105 487 constitu·

155 505 241 568 tioni¹
262 510 400 568 subiacere
422 529 577 583 censemus,
601 529 678 586 quam
698 515 893 570 sacratissimus
913 515 1053 588 legislator
1073 515 1106 571 de

153 597 204 660 bis,
221 597 267 668 qui
282 603 404 670 tempore
418 595 480 668 plus
495 599 640 669 petierunt,
656 597 780 670 protulit,
796 606 826 653 ut
842 607 869 653 et
884 599 1012 668 inducias,
1027 615 1105 670 quas,

154 673 229 737 sive²
242 681 302 752 ipse
316 689 392 736 actor
406 688 505 752 sponte
525 681 666 736 indulserit
682 680 722 736 vel
737 689 831 736 natura
846 684 959 738 actionis
975 685 1106 754 continet,

154 771 368 836 contempserat,
383 765 411 819 in
425 763 535 836 duplum
551 763 666 821 babeant
680 765 721 833 hi,
744 766 789 837 qui
806 765 884 820 talem
897 768 1020 822 iniuriam
1036 768 1107 840 passi

153 855 227 921 sunt,
243 855 270 903 et
284 857 348 920 post
362 863 406 902 eas
422 847 509 903 linitas
525 865 580 903 non
595 848 671 904 aliter
686 847 760 903 litem
776 849 932 921 suscipiant,
947 851 997 904 nisi
1013 866 1106 906 omnes

153 948 284 1004 expensas
298 931 353 987 litis
370 939 447 987 antea
468 934 632 1004 acceperint,
654 939 685 987 ut
700 938 819 1001 actores,
842 932 887 987 tali
901 949 988 1006 poena
1002 941 1106 1005 perter-

152 1017 214 1084 riti,
235 1023 356 1087 tempora
370 1014 456 1071 litium
471 1015 618 1070 doceantur
634 1015 783 1074 observare.
825 1014 965 1071 Praeterea
980 1017 1058 1071 etiam
1074 1033 1106 1072 ex
1118 1010 1205 1077 (10)ss

152 1115 270 1172 persona
285 1099 421 1154 dilatoriae
436 1107 500 1155 sunt
515 1101 700 1172 exceptiones:
715 1099 807 1171 quales
819 1107 883 1154 sunt
897 1101 1106 1173 procuratoriae,

152 1183 237 1240 veluti
260 1184 353 1255 siper
378 1182 489 1238 militem
517 1191 563 1238 aut
584 1182 720 1238 mulierem
744 1199 824 1256 agere
846 1185 906 1255 quis
929 1184 1005 1239 velit:
1029 1176 1107 1238 3nam

152 1264 283 1324 militibus
305 1283 355 1321 nec
374 1283 424 1339 pro
446 1274 522 1338 patre
541 1265 583 1322 vel
604 1276 690 1321 matre
705 1266 747 1322 vel
763 1283 846 1323 uxore
860 1283 910 1323 nec
925 1284 957 1324 ex
972 1283 1048 1323 sacro
1063 1283 1106 1322 re·

152 1353 255 1424 scripto
282 1351 470 1422 procuratorio
498 1351 606 1405 nomine
629 1351 744 1424 experiri
766 1351 935 1407 conceditur:
964 1351 1021 1405 suis
1042 1366 1106 1406 vero

152 1435 272 1508 negotiis
295 1449 438 1508 superesse
461 1433 518 1488 sine
541 1432 642 1488 offensa
663 1432 818 1505 disciplinae
832 1443 955 1506 possunt.
984 1451 1028 1490 eas
1042 1451 1106 1490 vero

154 1519 343 1592 exceptiones,
365 1533 432 1589 quae
455 1517 518 1572 olim
541 1517 762 1589 procuratoribus
784 1525 898 1590 propter
919 1517 1049 1572 inlamiam
1065 1517 1108 1573 vel

153 1602 242 1658 dantis
269 1601 311 1656 vel
338 1603 423 1673 ipsius
451 1602 635 1674 procuratoris
658 1600 880 1673 opponebantur,
909 1617 968 1655 cum
991 1600 1018 1656 in
1040 1600 1108 1655 iudi·

154 1687 202 1742 ciis
224 1685 390 1758 frequentari
413 1683 489 1740 nullo
511 1685 694 1757 perspeximus
717 1683 812 1755 modo,
835 1685 1026 1756 conquiescere
1048 1700 1108 1739 san-

154 1771 253 1838 cimus,
276 1785 328 1839 ne,
349 1769 412 1824 dum
429 1768 461 1824 de
475 1768 517 1822 his
533 1767 694 1842 altercatur,
722 1766 807 1840 ipsius
828 1768 933 1842 negotii
948 1768 1107 1842 disceptatio

153 1853 314 1927 proteletur.

562 2064 620 2103 nxn.
635 2062 698 2104 xxv.

426 2165 476 2216 DE
493 2162 831 2218 REPLICATIONIBUS.

218 2281 373 2344 ⁴¹lnterdum
385 2287 485 2358 evenit,
501 2293 531 2340 ut
542 2285 675 2359 exceptio,
687 2301 754 2356 quae
764 2285 849 2357 prima
861 2284 928 2341 lacie
939 2286 1009 2340 iusta
1020 2284 1107 2340 videa·
1120 2297 1155 2336 Pr,

155 2381 214 2445 tur,
236 2373 328 2442 inique
347 2378 453 2426 noceat.
491 2369 644 2442 quodcum
666 2368 775 2443 accidit,
797 2368 847 2424 alia
863 2369 1022 2442 allegatione
1039 2386 1106 2442 opus

155 2465 197 2512 est
211 2454 350 2512 adiuvandi
365 2455 462 2509 actoris
478 2454 579 2527 gratia,
601 2469 669 2524 quae
684 2452 822 2525 replicatio
838 2461 962 2523 vocatur,
984 2455 1044 2526 quia
1059 2465 1107 2526 per

156 2557 212 2596 eam
233 2539 378 2612 replicatur
399 2546 480 2609 atque
499 2536 645 2591 resolvitur
665 2537 702 2590 vis
723 2538 897 2608 exceptionis.
942 2537 1023 2593 veluti
1046 2553 1106 2592 eum

154 2631 250 2698 pactus
266 2629 307 2679 est
322 2622 417 2694 aliquis
432 2637 492 2676 oum
507 2619 627 2676 debitore
642 2636 708 2691 suo,
723 2637 757 2675 ne
772 2619 803 2675 ab
820 2637 852 2676 eo
868 2623 1006 2694 pecuniam
1021 2629 1106 2692 petat,

154 2707 252 2764 deinde
271 2715 367 2778 postea
387 2705 413 2759 in
430 2705 593 2762 contrarium
608 2705 678 2778 pacti
693 2711 770 2773 sunt,
792 2703 819 2758 id
840 2711 882 2759 est
897 2713 927 2758 ut
941 2713 1033 2776 petere
1048 2719 1106 2759 cre·

155 2791 237 2847 ditori
252 2789 342 2844 liceat:
358 2790 381 2843 sl
396 2796 457 2861 agat
473 2787 590 2843 creditor
605 2796 632 2843 et
647 2788 759 2860 excipiat
773 2786 888 2862 debitor,
904 2795 934 2841 ut
948 2787 985 2842 ita
1000 2787 1105 2842 demum

155 2873 366 2943 condemnetur,
389 2873 411 2927 si
430 2887 486 2926 non
507 2873 674 2941 convenerit,
698 2888 732 2926 ne
751 2886 806 2926 eam
829 2871 968 2943 pecuniam
988 2870 1107 2926 creditor

155 2964 244 3032 petat,
262 2963 342 3012 nocet
356 2957 381 3011 ei
396 2956 530 3028 exceptio;
552 2957 676 3010 convenit
697 2955 765 3010 enim
781 2955 832 3026 ita,
852 2946 1005 3027 etiamque⁵
1020 2953 1105 3009 nilrilo

223 3186 243 3252 ¹)
257 3187 290 3238 L.
303 3189 325 3238 1.
346 3186 374 3240 C.
391 3187 423 3235 cte
437 3188 495 3250 plus
508 3183 675 3249 pet.(3,10).
761 3181 782 3243 ²)
802 3183 860 3234 sive
878 3184 992 3234 emiorum
1009 3185 1107 3234 scilicet

155 3255 186 3304 ob
207 3257 286 3306 simile
309 3267 389 3318 qua-s
411 3253 481 3317 ipse,
500 3253 602 3308 addiet-
624 3252 648 3300 si
667 3267 702 3300 eac
720 3251 867 3301 Mommreui
883 3252 913 3300 oi.
933 3253 971 3301 ed.
991 3251 1040 3300 Kr.
1058 3268 1105 3303 om.

155 3339 208 3372 cum
226 3323 300 3374 codd.
317 3323 358 3373 ed.
377 3319 450 3370 Scbr.
518 3317 539 3380 8)
556 3320 612 3381 sere
630 3339 663 3359 =
682 3317 711 3368 t.
732 3320 755 3368 7.
780 3319 807 3368 0.
831 3320 863 3368 de
879 3333 983 3382 procur.
1002 3316 1042 3382 (2,
1062 3321 1104 3380 13)

154 3392 209 3440 init.
277 3387 298 3452 ⁴)
311 3405 352 3452 pr.
365 3387 684 3448 §§.1...3scrc=tiot'.
698 3388 722 3447 4,
737 3386 899 3438 126...129.
970 3381 1105 3452 ⁶)ooripst'.

155 3454 204 3508 uoti
226 3456 337 3520 Tbeopb.
354 3467 469 3518 namque
488 3453 542 3506 aaa.
560 3455 632 3504 codd.
651 3455 708 3504 edd.
