2492 3896
201 189 237 223 nn
252 188 424 236 nnnsnmam,
442 188 515 232 enen
532 189 566 223 sn
584 189 738 224 mvrnsnaro
757 189 932 224 nnnnnunrun
943 173 995 234 ΙΙΙ,
1009 175 1031 222 1.
1068 169 1127 234 103

167 328 288 403 perdunt
308 329 421 403 gradum
443 327 589 385 liberorum
602 338 629 386 et
650 346 664 383 a
683 338 806 404 praetore
827 347 880 385 non
897 329 1064 384 adiuvantur.
1101 335 1128 383 et

168 423 259 470 recte:
275 413 404 468 naturalia
416 415 486 468 enim
497 415 555 470 iura
567 413 652 469 civilis
664 415 732 470 ratio
745 431 883 487 peremere
895 430 948 468 non
960 420 1052 486 potest
1066 428 1125 482 nec,

166 499 234 569 quia
256 497 385 553 desinunt
406 498 448 552 sui
468 497 583 554 heredes
598 513 675 565 esse,
698 498 820 554 desinere
835 505 949 571 possunt
965 494 1010 551 filii
1025 494 1127 551 filiaeve

164 590 217 636 aut
231 590 345 654 nepotes
363 590 491 655 neptesve
506 597 579 637 esse:
603 582 720 656 adoptivi
737 597 798 637 vero
814 581 972 653 emancipati
988 586 1127 635 extraneo·

164 681 231 720 rum
246 664 307 720 ioco
323 665 456 738 incipiunt
471 681 545 734 esse,
561 667 622 737 quia
637 667 678 720 ius
694 681 844 736 nomenque
861 663 905 718 iiiii
922 661 1037 734 filiaeve,
1055 662 1126 736 quod

163 765 220 821 per
238 749 410 822 adoptionem
426 750 562 804 consecuti
575 757 648 820 suut,
664 748 713 804 alia
725 747 795 802 civili
811 749 924 816 ratione,
939 746 966 802 id
981 755 1021 802 est
1036 763 1124 802 eman·

163 833 322 905 cipatione,
344 831 469 904 perdunt.
509 829 604 887 Eodem
625 832 690 888 haec
710 830 886 886 observantur
907 838 934 885 et
955 832 981 884 in
996 847 1027 886 ea
1041 829 1126 887 bono·
1145 839 1178 888 12

163 932 230 970 rum
255 915 444 987 possessione,
476 932 556 987 quam
583 925 676 971 contra
705 913 807 970 tabulas
834 915 988 969 testamenti
1009 916 1127 986 parentis

164 998 259 1054 liberis
275 1000 442 1070 praeteritis,
466 998 493 1054 id
509 1009 551 1054 est
566 1015 653 1072 neque
669 998 811 1054 heredibus
826 998 957 1053 institutis
972 1013 1074 1068 neque,
1096 1006 1129 1053 ut

163 1090 299 1156 oportet,
322 1081 502 1153 exheredatis,
531 1093 639 1155 praetor
660 1083 812 1156 pollicetur.
856 1097 916 1136 nam
939 1096 986 1136 eos
1008 1080 1126 1152 quidem,

163 1167 216 1240 qui
236 1166 263 1220 in
285 1172 423 1238 potestate
438 1168 556 1239 parentis
573 1169 666 1222 mortis
686 1175 808 1240 tempore
823 1166 947 1236 suerunt,
970 1173 997 1220 et
1012 1166 1126 1220 emanci-

162 1258 248 1324 patos
264 1257 341 1305 vocat
357 1258 466 1321 praetor
481 1250 512 1305 ad
528 1267 585 1305 eam
601 1250 733 1306 bonorum
754 1251 968 1324 possessionem:
988 1265 1035 1305 eos
1051 1264 1126 1321 vero,

164 1335 217 1406 qui
232 1335 259 1388 in
275 1332 399 1406 adoptiva
414 1333 512 1388 familia
527 1334 637 1389 fuerunt
651 1351 699 1407 per
713 1334 765 1390 hoc
781 1343 904 1406 tempus,
927 1348 980 1404 quo
997 1333 1126 1388 naturalis

163 1433 267 1490 parens
279 1424 443 1489 moreretur,
451 1417 567 1489 repellit.
594 1419 658 1472 item
674 1417 814 1490 adoptivos
830 1416 930 1471 liberos
946 1418 1126 1489 emancipatos

163 1500 200 1555 ab
222 1499 350 1571 adoptivo
372 1509 448 1572 patre
469 1502 539 1556 sieut
559 1498 590 1555 ab
610 1503 753 1570 intestato,
775 1502 811 1555 ita
834 1500 914 1570 longe
930 1501 1016 1554 minus
1032 1508 1125 1554 eontra

163 1583 272 1639 tabulas
288 1585 442 1638 testamenti
458 1583 573 1640 adhorta
589 1586 647 1640 eius
663 1584 788 1656 admittit,
804 1585 864 1657 quia
878 1583 1004 1638 desinunt
1018 1584 1045 1638 ιιι
1060 1580 1125 1638 libe·

162 1683 260 1724 rorum
276 1683 388 1722 numero
411 1684 480 1726 esse.
517 1668 682 1724 Admonendi
706 1677 793 1723 tamen
815 1684 922 1734 sumus,
945 1683 1008 1738 eos,
1031 1668 1076 1738 qui
1098 1667 1125 1722 ιιι
1145 1677 1176 1725 13

163 1751 294 1824 adoptiva
311 1750 405 1806 familia
421 1760 485 1806 sunt
500 1753 578 1825 quive
593 1761 656 1825 post
676 1758 790 1807 mortem
805 1751 934 1807 naturalis
954 1753 1073 1825 parentis
1094 1749 1125 1805 ab

162 1835 295 1908 adoptivo
318 1843 394 1907 patre
416 1837 572 1908 emancipati
588 1836 706 1909 inerint,
728 1837 857 1892 intestato
879 1843 990 1908 parente
1011 1834 1125 1890 naturali

163 1927 290 1989 mortuo,
306 1918 368 1973 iicet
383 1935 411 1974 ea
427 1929 503 1992 parte
518 1919 608 1991 edicti,
625 1937 676 1991 qua
691 1919 768 1975 iiberi
783 1919 814 1973 ad
827 1918 961 1974 bonorum
976 1920 1125 1992 possessio·

163 2018 230 2057 nem
251 2009 399 2073 vocantur,
423 2019 477 2058 non
499 2003 685 2074 admittantur,
710 2003 758 2058 alia
780 2011 868 2058 tamen
889 2012 964 2076 parte
979 2003 1077 2073 vocari,
1099 2001 1125 2056 id

163 2093 211 2142 est
226 2102 281 2158 qua
296 2088 404 2158 cognati
420 2087 539 2142 defuncti
555 2096 694 2142 vocantur.
723 2103 755 2141 ex
771 2104 821 2159 qua
837 2098 914 2158 parte
929 2088 966 2141 ita
982 2085 1126 2140 admittun-

163 2179 229 2240 tur,
252 2170 275 2224 si
291 2185 379 2243 neque
401 2171 441 2224 sui
462 2170 576 2226 heredes
592 2170 666 2225 liberi
681 2186 769 2243 neque
784 2170 943 2243 emancipati
958 2167 1066 2224 obstent
1080 2185 1126 2224 ue·

163 2269 222 2326 que
237 2252 369 2324 adgnatos
382 2253 488 2326 quidem
503 2253 573 2310 uiius
585 2255 758 2310 interveniat:
775 2263 836 2308 ante
851 2256 921 2308 enim
936 2262 1046 2327 praetor
1060 2252 1125 2308 libe·

163 2353 215 2394 ros
231 2344 309 2392 vocat
329 2345 382 2391 tam
402 2353 466 2392 suos
486 2338 598 2394 heredes
615 2354 693 2412 quam
709 2339 905 2410 emancipatos,
929 2338 1022 2394 deinde
1038 2338 1127 2411 legiti-

164 2437 226 2476 mos
243 2419 371 2489 heredes,
393 2420 489 2478 deinde
508 2423 646 2494 proximos
661 2431 802 2496 cognatos.
841 2421 893 2477 Sed
909 2439 938 2478 ea
955 2423 1042 2478 omnia
1057 2423 1125 2477 anti·
1146 2429 1177 2475 tt

165 2505 265 2577 quitati
288 2503 395 2576 quidem
418 2504 590 2577 placuerunt:
620 2508 733 2578 aliquam
761 2515 850 2563 autem
878 2507 1126 2562 emendationema

166 2596 263 2643 nostra
276 2582 489 2644 constitutionc¹
503 2600 673 2666 acceperunt,
690 2608 768 2664 quam
785 2607 866 2664 super
880 2591 922 2646 his
938 2591 1061 2664 personis
1077 2605 1125 2661 pc·

166 2673 285 2742 suimus,
310 2687 377 2744 quae
400 2689 414 2726 a
436 2670 555 2745 patribus
579 2675 634 2729 suis
657 2674 821 2730 naturalibus
836 2676 864 2728 in
879 2673 1052 2747 adoptionem
1067 2672 1126 2726 aliis

165 2755 275 2811 dantur.
312 2755 460 2811 invenimus
482 2758 579 2811 etenim
602 2758 747 2814 nonnullos
763 2774 857 2828 casus,
878 2758 905 2811 in
922 2755 1020 2830 quibus
1035 2753 1083 2810 filii
1099 2765 1127 2811 et

166 2838 331 2894 naturalium
347 2848 485 2912 parentum
498 2844 694 2897 successionem
707 2850 819 2915 propter
834 2840 1006 2912 adoptionem
1021 2840 1125 2894 amitte·

166 2922 233 2978 bant
248 2931 291 2993 et,
314 2922 459 2996 adoptione
475 2923 550 2979 facile
566 2941 615 2998 per
629 2925 867 2998 emancipationem
883 2923 986 2992 soluta,
1011 2921 1043 2977 ad
1059 2939 1125 2977 neu·

167 3009 236 3062 trius
249 3009 334 3083 patris
346 3008 545 3064 successionem
557 3008 729 3065 vocabantur.
743 3008 795 3063 hoc
806 3007 888 3062 solito
902 3023 975 3062 more
986 3007 1124 3079 corrigen-

168 3099 223 3162 tes,
239 3092 460 3146 eonstitutionem
477 3092 647 3165 scripsimus,
662 3110 711 3166 per
726 3107 803 3165 quarn
819 3089 1000 3160 definivimus,
1018 3091 1123 3163 quando

168 3190 264 3246 parens
280 3175 407 3231 naturalis
423 3172 506 3230 filium
522 3193 600 3231 suum
617 3174 795 3249 adoptandum
817 3175 860 3230 alii
876 3173 997 3244 dederit,
1018 3176 1123 3248 integra

167 3324 366 3332 ——-—-—

234 3437 255 3500 ¹)
274 3440 306 3490 L.
326 3443 366 3493 to.
384 3439 412 3493 0.
431 3442 463 3490 de
481 3442 568 3504 adopt.
587 3438 626 3504 (8,
645 3441 678 3490 47
696 3441 728 3491 al.
747 3436 801 3506 48).
