2492 3896
163 163 203 229 54
463 181 498 216 nn
516 178 717 217 nosnnrosuans
734 165 772 228 Il,
791 167 815 216 7.

163 329 205 378 tus
219 321 427 377 insinuationem
447 319 506 375 fieri
524 321 631 376 minime
646 319 812 392 desiderant,
832 319 879 376 sed
899 319 927 374 in
948 335 978 374 se
993 317 1136 392 plenissi-

162 422 230 462 mam
257 403 356 460 babent
381 402 542 460 firmitatem.
587 403 637 459 alia
663 405 774 478 Insuper
801 403 884 459 multa
905 401 938 459 ad
966 401 1136 458 uberiorem

161 490 262 544 exitum
278 487 452 543 donationum
467 487 631 559 invenimus,
652 503 719 560 quae
741 487 828 544 omnia
843 503 876 543 eu
890 487 993 543 nostris
1015 488 1134 542 consti·

162 570 325 646 lotionibus,
347 587 413 643 quas
427 587 510 644 super
524 572 565 627 bis
580 572 734 646 posuimus,
755 570 906 646 colligenda
928 578 1000 626 sunt
1029 571 1133 627 scien-

162 655 226 710 dum
243 664 328 710 tamen
343 663 401 727 est,
417 655 506 728 quod,
522 656 573 711 etsi
587 655 756 728 plenissimae
771 657 826 712 sint
839 654 1012 722 donationes,
1027 663 1131 711 tamen

162 740 185 794 si
200 740 299 812 ingrati
318 740 432 794 exuunt
452 739 590 809 homines,
611 739 639 794 in
654 755 722 810 quos
740 737 899 794 beneficium
920 737 1051 794 collatum
1068 746 1128 810 est,

162 821 336 878 donatoribus
351 839 400 896 per
413 830 535 878 nostram
554 814 796 880 constitutionem¹
819 821 955 879 licentiam
970 824 1128 894 praestavi-

163 923 222 962 mus
243 907 322 962 certis
343 923 376 963 eu
396 909 483 975 causis
500 923 544 962 eas
564 922 704 974 revocare,
725 923 775 976 ne,
796 907 840 978 qui
860 920 922 961 saras
942 921 986 961 res
1000 906 1028 959 io
1051 905 1127 962 alios

162 990 352 1061 contulerunt,
374 989 405 1046 ab
425 990 466 1045 his
483 989 612 1062 quandam
627 993 762 1063 patiantur
776 990 897 1045 iniuriam
916 988 958 1044 vel
977 989 1125 1061 iacturam,

130 1074 309 1134 seecundum
324 1082 497 1130 enumeratos
516 1075 543 1128 in
563 1082 656 1129 nostra
676 1075 870 1130 constitutione
885 1071 991 1129 modos.
1026 1070 1080 1128 list
1095 1083 1126 1129 et

161 1156 234 1214 aliud
256 1173 343 1231 genus
364 1159 436 1214 inter
455 1157 529 1212 vivos
544 1156 735 1228 donationum,
757 1157 830 1229 quod
851 1155 986 1212 veteribus
1008 1157 1124 1228 quidem

162 1239 340 1314 prudentibus
355 1241 463 1314 penitus
484 1248 540 1296 erat
560 1241 742 1314 incognitum,
761 1248 858 1314 postea
872 1249 962 1296 autent
977 1257 991 1296 a
1006 1241 1124 1296 iuniori·

163 1323 212 1380 bus
228 1323 294 1380 divis
309 1323 473 1398 principibus
484 1323 668 1380 introductum
683 1332 735 1397 est,
750 1325 823 1397 quod
838 1333 899 1380 ante
914 1325 1022 1396 nuptias
1036 1340 1122 1381 voca·

162 1407 242 1464 batur
263 1417 290 1464 et
311 1409 418 1464 tacitam
439 1409 468 1464 in
489 1425 518 1464 se
539 1407 724 1465 condicionem
738 1408 865 1477 babebat,
889 1414 920 1463 ut
942 1416 1008 1463 tunc
1028 1415 1121 1464 ratum

162 1500 251 1563 esset,
273 1509 332 1549 curn
349 1493 548 1549 matrimonium
562 1491 645 1548 luerit
664 1494 829 1549 insecutum:
849 1491 966 1564 ideoque
987 1499 1048 1546 ante
1068 1508 1121 1548 nu·

162 1579 232 1649 ptias
249 1575 442 1650 appellabatur,
455 1575 528 1650 quod
544 1585 606 1631 autc
618 1577 815 1632 matrimonium
825 1575 992 1632 efficiebatur
1006 1583 1034 1630 et
1048 1591 1121 1632 nun·

164 1655 263 1732 quam²
284 1668 347 1733 post
368 1661 476 1734 nuptias
497 1659 643 1716 celebratas
659 1659 718 1715 talis
737 1659 845 1715 donatio
866 1656 1036 1732 procedebat.
1070 1659 1121 1716 sed

163 1745 266 1816 primus
281 1742 388 1816 quidem
403 1742 480 1798 divus
492 1743 626 1814 lustinus,
642 1751 836 1817 paternoster,
851 1759 912 1799 oum
927 1743 1021 1816 augeri
1037 1741 1121 1800 dotes

164 1834 193 1882 et
213 1834 277 1899 post
298 1827 404 1899 nuptias
427 1827 514 1882 luerat
535 1828 710 1900 permissum,
732 1828 832 1899 siquid
850 1826 1121 1897 taleevenit,etiam

164 1917 227 1966 ante
242 1911 349 1984 nuptias
370 1909 542 1967 donationem
561 1911 654 1984 augeri
674 1919 702 1966 et
721 1920 863 1967 constante
878 1911 1047 1966 matrimonio
1069 1927 1120 1967 sua

164 1987 376 2052 constitutione³
390 1995 528 2068 permisit:
547 1994 594 2050 sed
610 2005 697 2052 tamen
712 2011 810 2050 nomen
825 1994 1015 2050 inconveniens
1030 2009 1121 2050 rema-

163 2078 253 2150 nebat,
268 2087 405 2135 comante
420 2079 526 2153 nuptias
541 2077 648 2151 quidem
660 2077 811 2148 vocabatur,
827 2085 890 2151 post
903 2077 1011 2150 nuptias
1027 2085 1120 2134 antem

164 2163 216 2219 tale
237 2161 382 2236 accipiebat
400 2164 604 2224 incrementum.
642 2162 689 2219 sed
709 2160 931 2234 nosplenissimo
949 2159 994 2216 fini
1010 2161 1121 2218 tradere

162 2247 316 2303 sanctiones
338 2249 477 2319 cupientes
492 2255 521 2302 et
535 2247 727 2319 consequentia
746 2246 852 2301 nomina
874 2244 955 2301 rebus
977 2260 1038 2300 esse
1060 2253 1120 2302 stu·

164 2329 274 2401 dentes,
289 2331 476 2385 constituimus
484 2324 509 2403 ,4
522 2339 553 2386 ut
568 2330 636 2386 tales
651 2331 808 2386 donationes
823 2346 878 2385 noo
892 2337 1044 2402 augeantur
1058 2336 1120 2384 tan-

163 2420 238 2482 tum,
260 2411 308 2466 sed
330 2421 357 2467 et
379 2421 519 2469 constante
541 2414 709 2469 matrimonio
731 2414 836 2469 initium
858 2414 990 2485 accipiant
1012 2419 1040 2468 et
1061 2429 1120 2468 non

164 2504 225 2551 ante
239 2495 362 2568 nuptias,
384 2495 432 2550 sed
452 2503 565 2570 propter
585 2498 692 2570 nuptias
713 2504 842 2552 vocentur
856 2505 884 2552 et
899 2494 1007 2551 dotibus
1021 2496 1049 2551 ln
1064 2495 1120 2553 boc

163 2587 360 2652 exaequentur,
391 2587 433 2650 ut,
464 2579 687 2652 quemadmodum
714 2579 792 2636 dotes
814 2589 842 2636 et
864 2587 1004 2637 constante
1026 2581 1119 2635 matri·

163 2664 255 2719 monio
274 2678 328 2718 non
348 2661 436 2718 solum
454 2670 602 2736 augentur,
624 2664 671 2720 sed
692 2665 773 2720 etiam
788 2661 872 2735 liunt,
892 2665 929 2718 ita
944 2671 971 2719 et
986 2664 1054 2719 istae
1068 2662 1118 2718 do·

163 2749 303 2820 nationes,
325 2763 393 2820 quae
412 2755 525 2820 propter
544 2749 649 2819 nuptias
669 2747 838 2804 introductae
858 2755 938 2819 sunt,
958 2762 1013 2802 non
1028 2747 1118 2802 solum

163 2831 321 2887 antecedant
337 2833 551 2901 matrimonium,
567 2830 708 2886 sedetiam
724 2847 755 2886 eo
770 2839 909 2888 contracto
925 2839 953 2887 et
967 2839 1118 2904 augeantur

164 2924 192 2972 et
206 2917 415 2974 constituantur.

131 3009 147 3058 4
225 2997 289 3055 llrat
309 2999 371 3054 olim
393 2999 507 3056 elalius
528 2997 623 3054 modus
646 2997 729 3054 civilis
748 2997 935 3072 adquisitionis
950 3013 1000 3071 per
1013 2999 1056 3054 ius
1072 2999 1116 3054 ad-

163 3082 314 3153 crescendi,
330 3082 403 3157 quod
418 3091 459 3139 est
475 3081 541 3138 tale:
562 3084 585 3138 si
600 3098 769 3139 communem
784 3098 889 3138 servum
905 3080 1006 3138 babens
1021 3081 1116 3155 aliquis

232 3295 252 3361 1)
270 3296 303 3350 L.
322 3299 362 3348 10.
381 3296 408 3346 0.
433 3298 464 3346 de
486 3313 569 3347 revoc.
587 3299 645 3349 don.
664 3297 693 3358 8,
712 3297 745 3346 55
763 3299 797 3346 al.
817 3292 873 3356 bb).
940 3293 961 3358 ²)
980 3285 1116 3345 coldintona

168 3365 278 3427 Tbcopit.
298 3365 371 3414 codd.
390 3363 466 3426 infer.
485 3379 616 3428 nimquam
633 3364 708 3414 codd.
726 3369 774 3414 oet.
793 3363 851 3415 edd.
864 3361 937 3416 Salar.
950 3369 975 3411 et
986 3362 1037 3412 Kr.
1094 3360 1115 3426 ³)

164 3433 197 3484 L.
217 3432 257 3480 19.
275 3429 303 3483 0.
321 3432 353 3480 tle
372 3431 430 3480 dna.
449 3438 507 3480 ante
526 3437 595 3495 nupt.
614 3429 648 3494 (ὅ,
666 3428 700 3494 3).
770 3426 791 3492 4)
808 3429 841 3482 L.
860 3430 902 3479 20.
921 3428 948 3479 0.
966 3430 1022 3478 eod.
