2492 3896
350 190 386 224 sa
405 189 584 226 resonantes
602 189 770 228 omnesomnes
787 176 824 239 II,
844 179 884 229 10.
1052 174 1091 238 61

134 330 237 406 quibas
252 331 405 386 testamenti
421 330 501 387 tactio
516 338 567 387 est.
597 331 645 386 sed
660 347 748 404 neque
758 332 855 388 molier
868 347 956 403 neque
971 329 1093 404 impubes

132 431 227 488 neque
246 431 340 470 servus
361 430 449 488 aeque
468 425 667 488 mutataeque
686 415 785 471 surdus
800 432 887 489 aeque
903 415 1023 470 furiosus
1044 430 1094 472 neo

133 501 180 558 otti
201 499 280 556 bonis
299 498 472 554 interdictum
492 508 550 569 est,
572 515 622 554 nee
641 501 681 571 is,
702 516 781 572 quem
796 499 871 573 leges
886 498 979 555 iubent
992 500 1094 572 Ιιιφιιιι-

132 582 201 640 bum
216 581 449 655 intestabilemqtte
464 599 535 654 esse,
551 590 667 656 possunt
677 583 705 638 ia
716 599 829 640 numero
842 585 951 639 testium
963 582 1094 639 adhiberi.

133 666 191 723 Sed
213 683 279 722 eum.
289 666 385 738 aliquis
399 681 435 722 es
448 664 562 722 testibus
583 668 737 723 testamenti
759 667 868 740 quidem
889 666 1004 722 hoendt
1026 671 1125 722 tem-t

133 766 206 825 pore
227 750 297 807 liber
317 748 534 821 existimabatur,
556 758 649 823 postes
672 767 733 807 vero
756 767 849 806 servos
872 752 1011 824 apparuit,
1038 758 1093 806 tam

134 835 215 890 disto
231 832 379 889 Hadrianus
393 831 505 890 Catoaio
520 826 609 890 Vero¹
631 841 712 906 quem
734 843 829 909 postea
851 834 903 890 divi
927 834 1044 890 Severus
1065 842 1095 890 et

133 919 292 974 Antoninus
305 918 517 990 manipeerunt,
532 917 672 975 subvenire
684 934 713 974 se
728 934 761 974 ea
776 935 824 974 sss
838 917 996 974 liberalitate
1011 926 1093 974 testa·

134 1010 245 1072 uento,
268 1008 299 1057 ut
313 1001 353 1058 sio
368 1001 512 1073 habeatur,
534 1010 615 1074 etque
636 1002 676 1073 si,
698 1011 729 1058 ut
744 1011 870 1076 oportet,
890 1001 991 1058 ieotum
1010 1009 1094 1072 esset,

135 1101 199 1142 eom
215 1102 247 1141 eo
263 1093 406 1157 tempore,
422 1093 682 1158 quottestementom
698 1088 868 1161 signaretur,
888 1087 1009 1142 omnium
1028 1100 1092 1140 eoa·

135 1186 220 1226 sensu
236 1169 279 1224 hie
293 1170 371 1224 testis
385 1167 530 1225 liberorum
545 1168 606 1226 loeo
621 1170 703 1226 inerit
718 1186 767 1226 nee
781 1171 922 1243 quisquam
938 1178 1026 1238 esset,
1046 1169 1093 1240 qui

136 1254 162 1310 ei
177 1261 266 1309 status
281 1253 464 1325 quaestionem
479 1262 591 1311 moveat
628 1247 726 1309 ²Pater
739 1270 791 1310 neo
805 1270 859 1309 non
874 1255 912 1325 is,
933 1255 979 1326 qui
993 1254 1021 1308 in
1043 1269 1093 1325 po·
1110 1261 1126 1309 8

136 1345 238 1394 testate
257 1336 315 1392 eius
336 1343 393 1406 est,
413 1337 478 1392 item
498 1335 553 1392 duo
569 1337 681 1406 fratres,
699 1338 747 1410 qui
768 1337 795 1393 in
809 1337 930 1393 eiusdem
945 1338 1029 1410 patris
1044 1353 1093 1409 po·

137 1427 238 1477 testne
256 1429 335 1491 sunt,
359 1421 466 1492 utrique
485 1428 570 1476 testes
589 1422 618 1476 ia
638 1437 720 1476 uanae
740 1428 930 1476 tostameamm
951 1419 1008 1475 tisri
1030 1435 1093 1492 pos·

138 1511 220 1560 suat:
234 1505 292 1576 quia
307 1503 374 1559 nihil
389 1512 470 1559 nocet
480 1519 512 1560 es
525 1520 576 1560 une
586 1504 667 1560 domo
680 1504 771 1580 plume
784 1512 867 1560 testes
877 1504 963 1560 alieno
979 1503 1092 1576 negotio

138 1586 268 1648 adhiberi.
305 1580 358 1643 ³ln
372 1586 485 1643 testibus
500 1595 589 1643 autem
603 1604 658 1643 non
673 1587 754 1644 debet
768 1604 836 1658 esse,
853 1589 940 1660 quiin
956 1593 1091 1660 potestate
1109 1594 1125 1642 9

137 1672 277 1727 testatoris
300 1680 352 1727 est.
381 1671 430 1726 sed
449 1673 475 1726 si
496 1669 678 1728 tiibrsismiiiss
701 1671 734 1726 de
753 1673 884 1728 castrensi
904 1671 1009 1744 peoaiio
1029 1679 1096 1744 post

138 1755 294 1812 missionem
308 1755 389 1812 ieoiet-
405 1763 608 1828 testamentum,
630 1772 681 1812 neo
695 1763 770 1828 pater
784 1757 844 1812 eius
857 1763 931 1812 reete
952 1756 1031 1812 testis
1047 1753 1092 1809 ad·

138 1838 248 1896 hibetur
262 1855 311 1895 neo
325 1840 365 1909 is,
375 1840 419 1912 qui
435 1841 462 1895 in
473 1847 608 1912 potestate
619 1839 738 1896 maedam
749 1841 833 1913 patris
846 1848 902 1896 est:
917 1837 1096 1913 reprobatum

139 1930 182 1979 est
196 1924 266 1979 enim
286 1925 314 1978 io
329 1939 360 1978 ea
373 1939 404 1978 re
419 1923 594 1980 domesticum
614 1924 808 1981 testimonium.
842 1923 894 1979 Sed
909 1939 998 1996 neque
1013 1924 1092 1978 heres
1112 1930 1142 1979 10

140 2008 257 2080 scriptus
280 2009 425 2078 requeis,
455 2008 551 2079 quiin
573 2015 707 2080 potestate
733 2009 793 2063 eius
820 2015 876 2078 est,
905 2022 993 2078 aeque
1014 2015 1093 2078 pater

139 2091 211 2161 etos,
234 2092 281 2164 qni
296 2089 375 2146 hebet
388 2106 449 2146 eum
463 2092 490 2146 in
505 2099 659 2164 potestate,
679 2107 767 2163 neque
781 2089 894 2160 iratres,
915 2091 962 2162 qui
977 2091 1005 2144 ia
1020 2090 1092 2144 eius-

140 2174 200 2230 dem
215 2174 298 2247 petris
313 2182 447 2246 potestate
461 2183 539 2245 sunt,
555 2181 638 2230 testes
653 2173 771 2230 adhiberi
787 2182 913 2247 possunt,
928 2174 990 2244 quia
1004 2181 1093 2228 betam

139 2258 193 2315 hoo
205 2259 362 2331 negotium,
377 2257 449 2330 qnod
463 2259 554 2331 egitur
568 2259 720 2313 testamenti
736 2256 875 2314 ordinandi
890 2259 990 2331 gratia,
1005 2255 1098 2313 orodi*

140 2350 185 2398 tar
199 2341 279 2397 bodie
293 2343 363 2396 inter
376 2341 503 2398 heredem
518 2350 546 2396 et
561 2349 718 2398 testatorem
733 2341 786 2414 agi.
823 2341 888 2398 lieet
900 2342 971 2398 enim
985 2341 1013 2397 id
1029 2340 1098 2398 oiim.

140 2429 182 2482 ius
205 2425 257 2480 tete
279 2418 374 2480 vaide⁴
394 2424 583 2482 oonmrbstum
604 2425 694 2481 isserat
714 2433 741 2481 et
763 2433 884 2497 veteres,
912 2427 962 2498 qui
977 2425 1094 2482 inuidiae

207 2637 229 2700 ¹)
247 2639 279 2692 t.
298 2639 321 2689 1.
341 2637 367 2689 0.
392 2640 423 2688 de
445 2644 543 2692 testam.
561 2641 602 2702 (6,
620 2638 673 2702 23).
759 2637 780 2700 ²)
795 2639 854 2701 sere
872 2659 905 2681 =
925 2640 983 2702 Uip.
1002 2641 1050 2700 20,
1068 2639 1093 2691 6.

141 2706 172 2756 L.
186 2706 226 2755 t't.
239 2706 271 2758 D.
284 2708 315 2755 de
328 2704 475 2768 testib.(22‚
490 2705 525 2770 b).
609 2704 630 2768 ⁸)
643 2725 676 2747 ·-··
690 2705 747 2758 Get.
760 2709 788 2767 2,
803 2709 858 2757 105.
873 2707 920 2756 106
932 2712 990 2755 mut.
1071 2703 1093 2770 ⁴)

141 2773 213 2824 enim
236 2776 323 2822 totum
344 2774 388 2821 ius
409 2771 467 2822 tels
489 2788 573 2823 omnes
594 2775 653 2825 edd.
676 2778 733 2823 ttem
755 2775 829 2824 codd.
852 2775 901 2822 niet·
922 2774 991 2837 quod
1007 2776 1094 2823 totum

141 2856 187 2894 om.
212 2839 252 2888 Ε·
275 2839 417 2900 (seeundum
439 2837 575 2902 Scirem),
604 2842 631 2890 ιἰι
653 2841 800 2904 quibusdam
820 2847 880 2902 post
902 2839 957 2888 tete
979 2841 1093 2903 ponitur.

141 2914 255 2971 apertum
275 2909 358 2956 vitium
378 2908 484 2956 correers*
500 2923 535 2957 em
555 2907 679 2970 Theoph:
702 2902 730 2957 sd
746 2903 795 2956 καὶ
813 2903 854 2956 τὰ
871 2903 1021 2971 μάλιστα
1039 2899 1094 2972 γὰρ

142 2970 311 3052 συνεκέχυτο
333 2966 441 3022 πάλαι
465 2967 501 3023 τὸ
525 2973 690 3024 τοιοῦτον
713 2969 863 3037 νόμιμον
889 2971 939 3024 καὶ
962 2972 1093 3038 πολλῆς

142 3033 324 3105 ἐπιπληρωτο
335 3037 468 3105 ταραχῆς,
485 3043 551 3091 unde
563 3047 683 3105 apparet,
704 3040 863 3103 Theophilum
875 3047 961 3091 totum
980 3039 1058 3106 (qnod
1069 3049 1096 3092 et

141 3108 245 3160 ottonem
262 3115 288 3157 et
305 3125 321 3157 ιι
338 3107 461 3165 librariis,
481 3123 543 3174 quoe
560 3107 588 3157 id
606 3108 670 3158 olim
687 3108 729 3157 ius
747 3109 905 3172 offendebat,
929 3110 965 3158 ad
980 3111 1093 3160 similitu»

142 3177 223 3226 dinem
234 3177 406 3226 anteoedeotts
417 3179 503 3225 totum
516 3175 568 3225 boe
580 3175 718 3237 negotium
736 3177 845 3238 effiotom
862 3177 910 3239 est)
929 3191 979 3226 noo
996 3179 1094 3241 lepisee,

142 3242 205 3293 olim
222 3257 281 3293 vero
294 3251 320 3292 et
330 3241 409 3292 vaide
427 3245 467 3292 oet
482 3244 560 3293 emta
578 3245 646 3308 quid,
665 3245 733 3307 quod
743 3251 872 3309 utrumque
890 3251 916 3293 et
932 3259 1020 3293 senens
1038 3245 1094 3295 eoi·

140 3312 189 3375 pit,
207 3311 266 3359 item
282 3310 310 3359 id
322 3347 329 3360 .
343 3350 350 3362 .
364 3347 371 3360 .
384 3309 440 3360 tale
457 3312 556 3374 leptsae.
581 3310 642 3359 tele·
653 3312 749 3362 seilicet
765 3313 877 3361 additum
894 3319 944 3369 eet,
971 3313 1031 3376 quia
1049 3313 1095 3362 boe

142 3380 180 3427 ine
201 3383 295 3426 tantum
317 3380 390 3444 quote
413 3385 489 3427 anien
511 3380 663 3441 descriptum
685 3384 736 3438 est,
759 3379 817 3429 olim
839 3379 1013 3430 oonturbntum
1029 3387 1094 3429 erat.

142 3442 220 3495 valde
236 3445 267 3494 ob
283 3447 464 3496 similitudinem
481 3447 585 3497 excidit.
