2472 3896
128 179 170 242 42
403 196 439 230 ne
459 193 553 229 aranu
570 191 709 230 orvrsron
727 180 764 240 ll,
783 183 805 232 1.

122 335 310 405 -eedificetdre,
330 335 383 390 soli
402 333 527 390 dominus
548 341 621 406 petat
643 333 752 390 domum
767 349 842 389 suam
858 350 917 390 esse
932 349 983 390 nec
997 334 1099 391 solvat

129 421 245 495 pretium
260 420 385 474 materiae
406 426 433 474 et
453 417 589 475 mercedes
604 417 751 488 fabrorum,
771 431 852 492 posse
867 433 928 474 eum
943 433 993 491 per
1007 433 1098 474 exce—

128 507 249 579 ptionem
265 502 320 558 doli
335 501 397 557 mali
411 501 516 576 repelli,
534 505 629 575 utique
649 505 673 557 si
686 501 774 558 bonne
789 500 850 557 lidel
865 515 1009 576 possessor
1023 504 1094 573 sitit,

75 595 76 600 ’
130 590 177 661 qui
192 584 372 642 aedificasset:
389 602 449 642 uam
465 588 569 656 scienti,
584 585 701 642 alienum
711 597 772 642 esse
784 585 883 656 solum,
899 593 990 658 potest
1005 586 1094 660 culpa

130 671 214 740 obici,
235 669 308 743 quod
323 678 425 726 temere
440 669 617 728 aedificaverit
636 670 665 725 in
685 683 718 726 eo
732 669 804 741 solo,
825 670 899 743 quod
913 668 1092 744 intellegeret

79 763 109 811 31
128 755 244 810 alienum
259 771 328 811 esse.
358 753 386 810 Si
403 755 490 812 'litius
502 755 615 810 elienam
628 754 745 827 plantem
765 755 794 809 iu
809 767 859 810 suo
875 754 935 810 solo
951 757 1091 827 posuerit,

128 839 213 912 ipsius
228 839 296 894 erit:
312 847 340 894 et
350 855 382 894 er
399 841 505 896 diuerso
521 840 542 894 sl
556 838 643 893 Titius
658 851 732 894 suam
746 839 864 911 plantem
879 839 906 894 in
918 838 1009 893 llaeeii
1024 839 1090 895 solo

128 923 261 994 posuerit,
277 922 367 979 llaerii
381 925 471 996 plenta
486 925 547 992 erit,
563 922 678 978 simodo
693 931 811 995 utroque
824 935 890 978 casu
903 921 1005 977 radices
1020 934 1091 996 ege·
1198 968 1205 993 ,

128 1008 173 1062 rit.
204 1016 347 1078 antequam
367 1016 456 1063 autem
471 1006 574 1062 radices
589 1007 690 1078 egerit,
712 1005 770 1061 eius
790 1014 944 1079 permanet,
966 1008 1042 1062 cuine
1061 1015 1092 1062 et

127 1090 225 1146 luerat.
252 1090 319 1145 ndeo
334 1097 423 1145 eutem
438 1105 471 1145 ex
486 1105 530 1160 eo,
546 1106 578 1145 ex
593 1105 647 1162 quo
661 1090 763 1146 redioes
778 1091 835 1163 agit
849 1089 948 1163 plante,
963 1091 1090 1164 proprie·

125 1183 169 1228 tas
185 1175 241 1228 eius
256 1183 446 1242 commutatur,
463 1182 503 1244 ut,
526 1175 549 1228 st
562 1173 641 1230 vicini
656 1173 778 1230 arborem
793 1176 830 1229 ita
845 1181 915 1229 terra
931 1171 993 1229 iisd
1008 1189 1089 1247 pres-

129 1258 205 1326 serit,
221 1265 252 1312 ut
266 1259 293 1312 in
309 1258 367 1312 eius
382 1257 494 1313 fundum
509 1257 612 1313 radices
627 1265 730 1331 egeret,
746 1257 808 1313 'litii
823 1251 893 1313 cilici
908 1257 1030 1313 arborem
1045 1257 1089 1314 dl·

127 1333 254 1396 camus=.¹
277 1343 409 1397 rationem
430 1343 528 1398 etenim
551 1357 606 1397 non
626 1343 799 1414 permittere,
822 1351 853 1398 ut
874 1341 984 1398 alterius
1004 1341 1091 1398 erlror

130 1440 189 1480 esse
206 1425 396 1500 intellegetur,
418 1442 497 1499 quem
518 1427 593 1483 cuius
614 1427 641 1481 in
663 1425 775 1481 fundum
790 1425 893 1481 radices
907 1425 1020 1500 egisset.
1057 1434 1090 1482 et

130 1509 190 1564 ideo
212 1526 296 1584 prope
316 1508 460 1566 confinium
480 1509 561 1566 arhor
580 1511 668 1583 posita
687 1512 711 1564 si
730 1511 809 1564 etiem
830 1511 857 1564 in
879 1509 957 1565 ticini
972 1509 1089 1565 tendum

80 1596 112 1644 32
129 1593 233 1649 radices
249 1596 347 1666 egerit,
358 1596 507 1650 communis
519 1591 557 1648 fit.
589 1587 664 1658 ²Que
675 1595 779 1648 ratione
791 1591 1088 1667 suscepturumque

129 1684 203 1732 terra
218 1678 384 1748 coalescunt,
398 1677 459 1732 solo
473 1676 583 1746 cedunt,
599 1675 689 1732 eadem
705 1679 809 1732 ratione
821 1676 952 1732 frumenta
965 1691 1087 1751 quoque,

131 1776 198 1832 quae
219 1768 276 1815 sate
296 1769 370 1828 suut,
391 1760 451 1815 solo
471 1759 566 1815 cedere
586 1759 789 1834 intelleguntur.
821 1769 940 1817 ceterum
961 1763 1031 1817 siout
1051 1765 1085 1832 is,

131 1843 177 1914 qui
197 1845 224 1898 in
244 1842 330 1898 alieno
350 1843 410 1899 solo
431 1841 621 1911 aedificaverit,
643 1845 666 1898 si
680 1843 713 1898 ab
728 1859 760 1899 eo
776 1844 901 1900 dominus
916 1853 991 1918 petat
1013 1845 1085 1901 aedi·

130 1924 229 1996 licium,
245 1925 352 1982 delendi
367 1935 459 2000 potest
474 1941 522 2000 per
536 1928 719 1999 exceptionem
734 1927 788 1984 doli
804 1929 865 1983 mali
880 1929 1027 1984 secundum
1043 1945 1084 1998 ea,

131 2027 199 2084 quoe
209 2012 337 2066 diximus:
353 2013 389 2066 ita
402 2011 520 2067 eiusdem
532 2012 699 2084 exceptionis
715 2011 812 2067 euxillo
828 2019 905 2067 tutus
920 2027 979 2069 esee
993 2020 1085 2088 potest

81 2097 113 2146 33
125 2096 170 2166 is,
187 2097 231 2169 qui
246 2095 361 2150 alienum
376 2095 489 2151 iundum
506 2112 554 2150 sue
574 2098 694 2168 impensa
715 2093 784 2150 ltorm
805 2093 857 2151 lide
871 2099 999 2157 conserit.
1029 2089 1085 2153 ltr-

131 2187 204 2235 terae
220 2196 339 2252 quoque,
361 2180 424 2236 licet
440 2193 535 2236 aureae
550 2180 614 2250 sint,
634 2179 742 2252 perinde
757 2179 856 2235 chartis
870 2180 1085 2254 membranisque

130 2263 246 2332 cedunt,
263 2265 317 2318 ecsi
332 2264 391 2320 solo
409 2263 504 2320 cedere
519 2263 610 2318 solent
624 2279 669 2333 ea,
685 2277 753 2335 quae
768 2260 970 2320 incediiioentur
984 2275 1030 2320 aet
1044 2267 1085 2320 in·

130 2352 272 2407 seruntur:
291 2346 406 2419 ideoque
426 2349 449 2403 si
471 2349 499 2402 iu
518 2347 617 2402 chartis
635 2345 827 2402 membranisre
846 2347 901 2402 tuis
921 2361 1028 2404 carmen
1042 2350 1086 2405 uel

130 2429 271 2484 historiam
286 2429 328 2484 uel
349 2431 499 2485 orationem
514 2429 598 2486 'iltius
619 2432 771 2502 scripserit,
793 2432 873 2488 iruius
893 2434 1016 2505 corporis
1030 2449 1087 2489 non

131 2513 232 2581 Titius,
254 2511 302 2567 sed
317 2522 348 2568 tu
363 2513 486 2568 domiuus
502 2529 562 2569 esse
575 2506 739 2568 videberis.³
781 2514 828 2569 sed
843 2517 866 2570 si
881 2531 896 2570 e
911 2517 982 2572 'litio
998 2525 1085 2590 petes,

131 2603 195 2651 tuos
209 2595 293 2651 libros
315 2605 407 2653 tuosve
428 2595 594 2652 membranas
614 2613 688 2665 esse,
711 2611 761 2652 nec
774 2599 921 2671 impensam
937 2601 1087 2673 scriptume

130 2679 236 2736 solvere
247 2689 356 2753 paratus
367 2684 415 2752 sis,
432 2683 534 2754 poterit
544 2697 574 2736 se
585 2681 669 2736 'litius
679 2680 822 2738 detondere
837 2697 888 2756 per
901 2686 1086 2757 exceptionem

130 2763 186 2820 doli
198 2764 269 2835 mali,
292 2767 388 2839 utique
398 2768 421 2821 si
432 2764 502 2820 bone
513 2761 565 2820 lide
577 2779 668 2820 curum
679 2765 829 2821 clrertarum
842 2768 1086 2826 membranarumue

80 2848 114 2897 34
130 2851 330 2921 possessionem
352 2860 463 2906 nanctus
482 2857 533 2905 est.
564 2848 673 2920 Siquis
694 2851 722 2904 in
743 2849 828 2906 aliene
847 2850 938 2908 tabule
959 2853 1085 2926 pinxerit,

131 2933 237 3004 quidem
253 2943 350 3006 putent
367 2933 485 2989 tabulam
498 2934 621 3006 picturae
635 2929 742 2988 cedere:
759 2934 817 2990 aliis
831 2931 939 2992 videtur
949 2931 1087 3010 pletura,⁴

199 3179 220 3244 ¹)
237 3181 275 3231 oie
292 3182 367 3234 codd,
384 3181 463 3244 olipui
478 3181 557 3242 defer.
582 3179 697 3232 dicimus
720 3195 755 3232 em
772 3183 846 3236 codd.
864 3190 912 3234 oet.
933 3187 992 3235 cdd.
1012 3185 1084 3234 Solr.

131 3255 156 3296 et
174 3247 225 3297 Kr.
311 3246 331 3310 ²)
350 3247 389 3309 ἓξ.
403 3250 443 3300 32.
456 3249 496 3298 33.
513 3248 571 3311 fere
583 3267 616 3293 .-..-
628 3249 661 3298 L.
678 3251 694 3298 9
711 3263 752 3312 pr.
770 3251 794 3310 ἕ,
814 3247 837 3303 1.
859 3249 891 3300 D.
909 3253 941 3302 de
959 3265 1015 3317 uoq.
1032 3263 1085 3306 rer.

131 3317 196 3367 dom.
208 3314 262 3378 (41,
277 3315 302 3374 1)
316 3331 351 3364 ee
366 3315 439 3364 Gaii.
451 3315 467 3362 2
479 3329 530 3364 rer.
544 3323 612 3379 quoi.
654 3313 676 3375 ⁸)
687 3317 787 3379 scripsi.
801 3311 899 3366 videris
916 3319 945 3380 T,
958 3320 1085 3369 iudiceris

131 3381 188 3430 AB
205 3383 266 3431 edd.
286 3381 360 3432 Solen.
379 3387 405 3431 et
416 3381 466 3431 Kr.
483 3397 518 3431 ec.
535 3385 630 3444 socium
647 3383 694 3434 ltoo
711 3399 747 3432 em
764 3382 908 3440 uideberie.
927 3386 1003 3436 etiem
1014 3388 1086 3449 ilipa

131 3447 312 3512 intellegeris.
381 3447 403 3512 ⁴)
421 3449 551 3514 picturam
570 3451 610 3500 cd.
627 3449 677 3500 Kr.
695 3451 769 3502 codd.
788 3451 896 3501 voment.
