<?xml version="1.0" encoding="UTF-8"?>
<!DOCTYPE html PUBLIC "-//W3C//DTD XHTML 1.0 Transitional//EN"
    "http://www.w3.org/TR/xhtml1/DTD/xhtml1-transitional.dtd">
<html xmlns="http://www.w3.org/1999/xhtml" xml:lang="en" lang="en">
 <head>
  <title>
</title>
<meta http-equiv="Content-Type" content="text/html;charset=utf-8" />
  <meta name='ocr-system' content='tesseract 3.04.00' />
  <meta name='ocr-capabilities' content='ocr_page ocr_carea ocr_par ocr_line ocrx_word'/>
</head>
<body>
  <div class='ocr_page' id='page_1' title='image "./impiustinianiin00huscgoog_0197.png"; bbox 0 0 2500 3890; ppageno 0'>
   <div class='ocr_carea' id='block_1_1' title="bbox 119 185 759 250">
    <p class='ocr_par' dir='ltr' id='par_1_1' title="bbox 119 185 759 250">
     <span class='ocr_line' id='line_1_1' title="bbox 119 185 759 250; baseline -0.016 -6"><span class='ocrx_word' id='word_1_1' title='bbox 119 189 179 250; x_wconf 81' lang='grc'>172</span> <span class='ocrx_word' id='word_1_2' title='bbox 437 201 472 236; x_wconf 82' lang='lat' dir='ltr'>un</span> <span class='ocrx_word' id='word_1_3' title='bbox 490 199 653 236; x_wconf 76' lang='lat' dir='ltr'>scnrouruue</span> <span class='ocrx_word' id='word_1_4' title='bbox 671 185 718 246; x_wconf 91' lang='lat' dir='ltr'>1v,</span> <span class='ocrx_word' id='word_1_5' title='bbox 735 187 759 234; x_wconf 88' lang='grc'>6.</span> 
     </span>
    </p>
   </div>
   <div class='ocr_carea' id='block_1_2' title="bbox 69 335 1073 915">
    <p class='ocr_par' dir='ltr' id='par_1_2' title="bbox 116 335 1073 581">
     <span class='ocr_line' id='line_1_2' title="bbox 117 335 1073 413; baseline -0.005 -15"><span class='ocrx_word' id='word_1_6' title='bbox 117 342 228 399; x_wconf 86' lang='lat' dir='ltr'>scendo.</span> <span class='ocrx_word' id='word_1_7' title='bbox 257 359 290 398; x_wconf 83' lang='lat' dir='ltr'>er</span> <span class='ocrx_word' id='word_1_8' title='bbox 312 340 409 412; x_wconf 88' lang='lat' dir='ltr'>quibus</span> <span class='ocrx_word' id='word_1_9' title='bbox 424 340 481 398; x_wconf 83' lang='lat' dir='ltr'>iere</span> <span class='ocrx_word' id='word_1_10' title='bbox 496 356 546 396; x_wconf 89' lang='lat' dir='ltr'>una</span> <span class='ocrx_word' id='word_1_11' title='bbox 567 340 612 396; x_wconf 91' lang='lat' dir='ltr'>ilia</span> <span class='ocrx_word' id='word_1_12' title='bbox 626 339 771 413; x_wconf 79' lang='lat' dir='ltr'><strong>legitimam</strong></span> <span class='ocrx_word' id='word_1_13' title='bbox 787 354 892 394; x_wconf 91' lang='lat' dir='ltr'>causam</span> <span class='ocrx_word' id='word_1_14' title='bbox 908 335 1003 408; x_wconf 88' lang='lat' dir='ltr'>hahet,</span> <span class='ocrx_word' id='word_1_15' title='bbox 1023 355 1073 412; x_wconf 91' lang='lat' dir='ltr'>per</span> 
     </span>
     <span class='ocr_line' id='line_1_3' title="bbox 117 423 1072 499; baseline -0.006 -16"><span class='ocrx_word' id='word_1_16' title='bbox 117 443 197 499; x_wconf 90' lang='lat' dir='ltr'>quam</span> <span class='ocrx_word' id='word_1_17' title='bbox 209 426 359 498; x_wconf 89' lang='lat' dir='ltr'>quaeritur,</span> <span class='ocrx_word' id='word_1_18' title='bbox 375 441 408 480; x_wconf 91' lang='lat' dir='ltr'>an</span> <span class='ocrx_word' id='word_1_19' title='bbox 420 424 517 496; x_wconf 89' lang='lat' dir='ltr'>aliquis</span> <span class='ocrx_word' id='word_1_20' title='bbox 527 423 596 479; x_wconf 90' lang='lat' dir='ltr'>iiber</span> <span class='ocrx_word' id='word_1_21' title='bbox 607 425 657 478; x_wconf 86' lang='lat' dir='ltr'>sit:</span> <span class='ocrx_word' id='word_1_22' title='bbox 672 430 777 479; x_wconf 90' lang='lat' dir='ltr'>ceterae</span> <span class='ocrx_word' id='word_1_23' title='bbox 790 438 823 478; x_wconf 78' lang='lat' dir='ltr'>ex</span> <span class='ocrx_word' id='word_1_24' title='bbox 837 423 923 495; x_wconf 89' lang='lat' dir='ltr'>ipsius</span> <span class='ocrx_word' id='word_1_25' title='bbox 938 423 1072 495; x_wconf 89' lang='lat' dir='ltr'>praetoris</span> 
     </span>
     <span class='ocr_line' id='line_1_4' title="bbox 116 508 627 581; baseline -0.006 -16"><span class='ocrx_word' id='word_1_26' title='bbox 116 509 303 565; x_wconf 87' lang='lat' dir='ltr'>iurisdictione</span> <span class='ocrx_word' id='word_1_27' title='bbox 318 508 494 564; x_wconf 89' lang='lat' dir='ltr'>substantiam</span> <span class='ocrx_word' id='word_1_28' title='bbox 509 509 627 581; x_wconf 88' lang='lat' dir='ltr'>capiunt.</span> 
     </span>
    </p>

    <p class='ocr_par' dir='ltr' id='par_1_3' title="bbox 69 585 1073 915">
     <span class='ocr_line' id='line_1_5' title="bbox 69 585 1073 664; baseline -0.004 -16"><span class='ocrx_word' id='word_1_29' title='bbox 69 593 102 640; x_wconf 83' lang='lat'>14</span> <span class='ocrx_word' id='word_1_30' title='bbox 185 585 247 647; x_wconf 88' lang='lat' dir='ltr'>¹Sic</span> <span class='ocrx_word' id='word_1_31' title='bbox 267 593 357 664; x_wconf 89' lang='lat' dir='ltr'>itaque</span> <span class='ocrx_word' id='word_1_32' title='bbox 377 592 500 648; x_wconf 86' lang='lat' dir='ltr'>discretis</span> <span class='ocrx_word' id='word_1_33' title='bbox 515 590 682 660; x_wconf 80' lang='lat' dir='ltr'><strong>actionibus,</strong></span> <span class='ocrx_word' id='word_1_34' title='bbox 704 598 807 646; x_wconf 91' lang='lat' dir='ltr'>certum</span> <span class='ocrx_word' id='word_1_35' title='bbox 829 598 887 658; x_wconf 88' lang='lat' dir='ltr'>est,</span> <span class='ocrx_word' id='word_1_36' title='bbox 909 605 965 644; x_wconf 90' lang='lat' dir='ltr'>nou</span> <span class='ocrx_word' id='word_1_37' title='bbox 989 605 1073 662; x_wconf 82' lang='lat' dir='ltr'>posse</span> 
     </span>
     <span class='ocr_line' id='line_1_6' title="bbox 117 674 1073 747; baseline -0.002 -15"><span class='ocrx_word' id='word_1_38' title='bbox 117 685 236 734; x_wconf 89' lang='lat' dir='ltr'>actorem</span> <span class='ocrx_word' id='word_1_39' title='bbox 255 692 310 732; x_wconf 91' lang='lat' dir='ltr'>rem</span> <span class='ocrx_word' id='word_1_40' title='bbox 332 692 406 731; x_wconf 89' lang='lat' dir='ltr'>suam</span> <span class='ocrx_word' id='word_1_41' title='bbox 428 677 463 731; x_wconf 90' lang='lat' dir='ltr'>ita</span> <span class='ocrx_word' id='word_1_42' title='bbox 483 674 515 730; x_wconf 91' lang='lat' dir='ltr'>ab</span> <span class='ocrx_word' id='word_1_43' title='bbox 536 674 624 746; x_wconf 91' lang='lat' dir='ltr'>aliquo</span> <span class='ocrx_word' id='word_1_44' title='bbox 640 681 731 747; x_wconf 91' lang='lat' dir='ltr'>petere</span> <span class='ocrx_word' id='word_1_45' title='bbox 748 688 776 729; x_wconf 80' lang='lat' dir='ltr'>sn</span> <span class='ocrx_word' id='word_1_46' title='bbox 791 689 893 730; x_wconf 77' lang='lat' dir='ltr'>renen</span> <span class='ocrx_word' id='word_1_47' title='bbox 908 689 972 730; x_wconf 83' lang='lat' dir='ltr'>uum</span> <span class='ocrx_word' id='word_1_48' title='bbox 987 689 1073 730; x_wconf 77' lang='lat' dir='ltr'>noun</span> 
     </span>
     <span class='ocr_line' id='line_1_7' title="bbox 117 757 1073 831; baseline -0.004 -15"><span class='ocrx_word' id='word_1_49' title='bbox 117 775 297 818; x_wconf 78' lang='lat' dir='ltr'>oronrnns:</span> <span class='ocrx_word' id='word_1_50' title='bbox 312 775 363 816; x_wconf 92' lang='lat' dir='ltr'>nec</span> <span class='ocrx_word' id='word_1_51' title='bbox 374 759 444 816; x_wconf 89' lang='lat' dir='ltr'>enim</span> <span class='ocrx_word' id='word_1_52' title='bbox 457 758 528 831; x_wconf 90' lang='lat' dir='ltr'>quod</span> <span class='ocrx_word' id='word_1_53' title='bbox 548 758 646 814; x_wconf 91' lang='lat' dir='ltr'>actoris</span> <span class='ocrx_word' id='word_1_54' title='bbox 662 766 714 827; x_wconf 87' lang='lat' dir='ltr'>est,</span> <span class='ocrx_word' id='word_1_55' title='bbox 729 757 755 812; x_wconf 93' lang='lat' dir='ltr'>id</span> <span class='ocrx_word' id='word_1_56' title='bbox 768 758 792 811; x_wconf 92' lang='lat' dir='ltr'>ei</span> <span class='ocrx_word' id='word_1_57' title='bbox 804 757 860 811; x_wconf 90' lang='lat' dir='ltr'>dari</span> <span class='ocrx_word' id='word_1_58' title='bbox 873 765 992 828; x_wconf 76' lang='lat' dir='ltr'>oportet,</span> <span class='ocrx_word' id='word_1_59' title='bbox 1008 758 1073 829; x_wconf 80' lang='lat' dir='ltr'>quic</span> 
     </span>
     <span class='ocr_line' id='line_1_8' title="bbox 117 837 1072 915; baseline -0.002 -17"><span class='ocrx_word' id='word_1_60' title='bbox 117 844 222 900; x_wconf 92' lang='lat' dir='ltr'>scilicet</span> <span class='ocrx_word' id='word_1_61' title='bbox 233 843 290 898; x_wconf 89' lang='lat' dir='ltr'>dari</span> <span class='ocrx_word' id='word_1_62' title='bbox 301 845 424 915; x_wconf 82' lang='lat' dir='ltr'><strong>cuiquam</strong></span> <span class='ocrx_word' id='word_1_63' title='bbox 435 843 462 897; x_wconf 93' lang='lat' dir='ltr'>id</span> <span class='ocrx_word' id='word_1_64' title='bbox 474 841 651 914; x_wconf 86' lang='lat' dir='ltr'>intellegitur,</span> <span class='ocrx_word' id='word_1_65' title='bbox 663 841 735 913; x_wconf 92' lang='lat' dir='ltr'>quod</span> <span class='ocrx_word' id='word_1_66' title='bbox 747 841 782 895; x_wconf 89' lang='lat' dir='ltr'>ita</span> <span class='ocrx_word' id='word_1_67' title='bbox 795 840 883 908; x_wconf 85' lang='lat' dir='ltr'>datur,</span> <span class='ocrx_word' id='word_1_68' title='bbox 903 847 933 894; x_wconf 94' lang='lat' dir='ltr'>ut</span> <span class='ocrx_word' id='word_1_69' title='bbox 946 841 1003 895; x_wconf 90' lang='lat' dir='ltr'>eius</span> <span class='ocrx_word' id='word_1_70' title='bbox 1015 837 1072 912; x_wconf 83' lang='lat' dir='ltr'>fiat,</span> 
     </span>
    </p>
   </div>
   <div class='ocr_carea' id='block_1_3' title="bbox 69 921 1140 3173">
    <p class='ocr_par' dir='ltr' id='par_1_4' title="bbox 69 921 1140 3173">
     <span class='ocr_line' id='line_1_9' title="bbox 118 921 1073 998; baseline -0.002 -16"><span class='ocrx_word' id='word_1_71' title='bbox 118 943 169 982; x_wconf 92' lang='lat' dir='ltr'>nec</span> <span class='ocrx_word' id='word_1_72' title='bbox 183 944 244 995; x_wconf 89' lang='lat' dir='ltr'>res,</span> <span class='ocrx_word' id='word_1_73' title='bbox 265 943 333 998; x_wconf 94' lang='lat' dir='ltr'>quae</span> <span class='ocrx_word' id='word_1_74' title='bbox 354 929 403 982; x_wconf 90' lang='lat' dir='ltr'>iam</span> <span class='ocrx_word' id='word_1_75' title='bbox 419 928 518 984; x_wconf 89' lang='lat' dir='ltr'>actoris</span> <span class='ocrx_word' id='word_1_76' title='bbox 533 933 590 995; x_wconf 89' lang='lat' dir='ltr'>est,</span> <span class='ocrx_word' id='word_1_77' title='bbox 610 925 695 998; x_wconf 78' lang='lat' dir='ltr'>magis</span> <span class='ocrx_word' id='word_1_78' title='bbox 710 925 767 980; x_wconf 89' lang='lat' dir='ltr'>eius</span> <span class='ocrx_word' id='word_1_79' title='bbox 783 921 840 979; x_wconf 86' lang='lat' dir='ltr'>fieri</span> <span class='ocrx_word' id='word_1_80' title='bbox 855 930 956 996; x_wconf 87' lang='lat' dir='ltr'>potest.</span> <span class='ocrx_word' id='word_1_81' title='bbox 993 923 1073 997; x_wconf 91' lang='lat' dir='ltr'>plane</span> 
     </span>
     <span class='ocr_line' id='line_1_10' title="bbox 118 1005 1073 1083; baseline -0.003 -17"><span class='ocrx_word' id='word_1_82' title='bbox 118 1011 180 1066; x_wconf 92' lang='lat' dir='ltr'>odio</span> <span class='ocrx_word' id='word_1_83' title='bbox 196 1011 293 1079; x_wconf 87' lang='lat' dir='ltr'>iurum,</span> <span class='ocrx_word' id='word_1_84' title='bbox 311 1026 365 1083; x_wconf 90' lang='lat' dir='ltr'>quo</span> <span class='ocrx_word' id='word_1_85' title='bbox 382 1011 466 1083; x_wconf 82' lang='lat' dir='ltr'>magis</span> <span class='ocrx_word' id='word_1_86' title='bbox 482 1005 603 1082; x_wconf 89' lang='lat' dir='ltr'>pluribus</span> <span class='ocrx_word' id='word_1_87' title='bbox 618 1008 766 1065; x_wconf 77' lang='lat' dir='ltr'>actionibus</span> <span class='ocrx_word' id='word_1_88' title='bbox 782 1011 934 1077; x_wconf 87' lang='lat' dir='ltr'>teneantur,</span> <span class='ocrx_word' id='word_1_89' title='bbox 948 1006 1073 1063; x_wconf 81' lang='lat' dir='ltr'>effectum</span> 
     </span>
     <span class='ocr_line' id='line_1_11' title="bbox 118 1090 1075 1166; baseline -0.001 -18"><span class='ocrx_word' id='word_1_90' title='bbox 118 1103 171 1164; x_wconf 89' lang='lat' dir='ltr'>est,</span> <span class='ocrx_word' id='word_1_91' title='bbox 186 1103 216 1149; x_wconf 92' lang='lat' dir='ltr'>ut</span> <span class='ocrx_word' id='word_1_92' title='bbox 227 1102 302 1149; x_wconf 83' lang='lat' dir='ltr'>entra</span> <span class='ocrx_word' id='word_1_93' title='bbox 315 1110 428 1166; x_wconf 90' lang='lat' dir='ltr'>poenam</span> <span class='ocrx_word' id='word_1_94' title='bbox 440 1093 516 1166; x_wconf 93' lang='lat' dir='ltr'>dupli</span> <span class='ocrx_word' id='word_1_95' title='bbox 527 1100 573 1147; x_wconf 91' lang='lat' dir='ltr'>aut</span> <span class='ocrx_word' id='word_1_96' title='bbox 583 1091 724 1165; x_wconf 81' lang='lat' dir='ltr'>quadrupli</span> <span class='ocrx_word' id='word_1_97' title='bbox 736 1092 775 1146; x_wconf 89' lang='lat' dir='ltr'>rei</span> <span class='ocrx_word' id='word_1_98' title='bbox 786 1090 953 1162; x_wconf 79' lang='lat' dir='ltr'>recipiendae</span> <span class='ocrx_word' id='word_1_99' title='bbox 963 1093 1075 1148; x_wconf 89' lang='lat' dir='ltr'>nomine</span> 
     </span>
     <span class='ocr_line' id='line_1_12' title="bbox 119 1176 1072 1234; baseline 0 -2"><span class='ocrx_word' id='word_1_100' title='bbox 119 1177 194 1234; x_wconf 86' lang='lat' dir='ltr'>iures</span> <span class='ocrx_word' id='word_1_101' title='bbox 210 1180 289 1233; x_wconf 91' lang='lat' dir='ltr'>etiam</span> <span class='ocrx_word' id='word_1_102' title='bbox 304 1176 354 1232; x_wconf 87' lang='lat' dir='ltr'>hac</span> <span class='ocrx_word' id='word_1_103' title='bbox 369 1178 473 1233; x_wconf 86' lang='lat' dir='ltr'>actione</span> <span class='ocrx_word' id='word_1_104' title='bbox 489 1183 631 1232; x_wconf 90' lang='lat' dir='ltr'>teneantur</span> <span class='ocrx_word' id='word_1_105' title='bbox 646 1190 675 1232; x_wconf 82' lang='lat' dir='ltr'>er</span> <span class='ocrx_word' id='word_1_106' title='bbox 689 1191 790 1232; x_wconf 73' lang='lat' dir='ltr'>renna</span> <span class='ocrx_word' id='word_1_107' title='bbox 805 1189 864 1231; x_wconf 83' lang='lat' dir='ltr'>nos</span> <span class='ocrx_word' id='word_1_108' title='bbox 878 1191 961 1232; x_wconf 74' lang='lat' dir='ltr'>naun</span> <span class='ocrx_word' id='word_1_109' title='bbox 976 1189 1072 1232; x_wconf 80' lang='lat' dir='ltr'>orou-</span> 
     </span>
     <span class='ocr_line' id='line_1_13' title="bbox 119 1259 1074 1333; baseline -0.005 -15"><span class='ocrx_word' id='word_1_110' title='bbox 119 1279 214 1332; x_wconf 81' lang='lat' dir='ltr'>nnnn,</span> <span class='ocrx_word' id='word_1_111' title='bbox 235 1262 353 1333; x_wconf 88' lang='lat' dir='ltr'>quamvis</span> <span class='ocrx_word' id='word_1_112' title='bbox 368 1261 403 1316; x_wconf 90' lang='lat' dir='ltr'>sit</span> <span class='ocrx_word' id='word_1_113' title='bbox 418 1260 545 1316; x_wconf 90' lang='lat' dir='ltr'>adversus</span> <span class='ocrx_word' id='word_1_114' title='bbox 565 1274 612 1314; x_wconf 93' lang='lat' dir='ltr'>eos</span> <span class='ocrx_word' id='word_1_115' title='bbox 628 1260 706 1314; x_wconf 92' lang='lat' dir='ltr'>etiam</span> <span class='ocrx_word' id='word_1_116' title='bbox 721 1259 787 1313; x_wconf 88' lang='lat' dir='ltr'>haec</span> <span class='ocrx_word' id='word_1_117' title='bbox 803 1259 901 1314; x_wconf 90' lang='lat' dir='ltr'>iurem</span> <span class='ocrx_word' id='word_1_118' title='bbox 917 1259 1003 1330; x_wconf 89' lang='lat' dir='ltr'>actio,</span> <span class='ocrx_word' id='word_1_119' title='bbox 1024 1275 1074 1332; x_wconf 91' lang='lat' dir='ltr'>per</span> 
     </span>
     <span class='ocr_line' id='line_1_14' title="bbox 70 1341 1073 1417; baseline 0.003 -23"><span class='ocrx_word' id='word_1_120' title='bbox 70 1347 101 1394; x_wconf 79' lang='lat' dir='ltr'>rt</span> <span class='ocrx_word' id='word_1_121' title='bbox 119 1361 198 1417; x_wconf 88' lang='lat' dir='ltr'>quam</span> <span class='ocrx_word' id='word_1_122' title='bbox 214 1361 271 1400; x_wconf 92' lang='lat' dir='ltr'>rem</span> <span class='ocrx_word' id='word_1_123' title='bbox 291 1360 367 1398; x_wconf 86' lang='lat' dir='ltr'>suam</span> <span class='ocrx_word' id='word_1_124' title='bbox 382 1344 443 1416; x_wconf 90' lang='lat' dir='ltr'>quis</span> <span class='ocrx_word' id='word_1_125' title='bbox 467 1359 526 1401; x_wconf 90' lang='lat' dir='ltr'>esse</span> <span class='ocrx_word' id='word_1_126' title='bbox 548 1345 625 1416; x_wconf 91' lang='lat' dir='ltr'>petit.</span> <span class='ocrx_word' id='word_1_127' title='bbox 662 1341 833 1415; x_wconf 78' lang='lat' dir='ltr'>Appellamus</span> <span class='ocrx_word' id='word_1_128' title='bbox 855 1349 942 1397; x_wconf 90' lang='lat' dir='ltr'>autem</span> <span class='ocrx_word' id='word_1_129' title='bbox 965 1343 993 1396; x_wconf 89' lang='lat' dir='ltr'>iu</span> <span class='ocrx_word' id='word_1_130' title='bbox 1015 1358 1073 1397; x_wconf 90' lang='lat' dir='ltr'>rem</span> 
     </span>
     <span class='ocr_line' id='line_1_15' title="bbox 118 1426 1073 1501; baseline -0.001 -19"><span class='ocrx_word' id='word_1_131' title='bbox 118 1428 224 1501; x_wconf 92' lang='lat' dir='ltr'>quidem</span> <span class='ocrx_word' id='word_1_132' title='bbox 240 1428 358 1484; x_wconf 77' lang='lat' dir='ltr'>actiones</span> <span class='ocrx_word' id='word_1_133' title='bbox 369 1427 575 1483; x_wconf 90' lang='lat' dir='ltr'>vindicationes:</span> <span class='ocrx_word' id='word_1_134' title='bbox 592 1427 619 1482; x_wconf 91' lang='lat' dir='ltr'>iu</span> <span class='ocrx_word' id='word_1_135' title='bbox 630 1442 772 1500; x_wconf 85' lang='lat' dir='ltr'>personam</span> <span class='ocrx_word' id='word_1_136' title='bbox 788 1441 852 1480; x_wconf 91' lang='lat' dir='ltr'>vero</span> <span class='ocrx_word' id='word_1_137' title='bbox 868 1426 998 1494; x_wconf 78' lang='lat' dir='ltr'>actiones,</span> <span class='ocrx_word' id='word_1_138' title='bbox 1014 1427 1073 1498; x_wconf 91' lang='lat' dir='ltr'>qui·</span> 
     </span>
     <span class='ocr_line' id='line_1_16' title="bbox 117 1509 1075 1584; baseline -0.001 -17"><span class='ocrx_word' id='word_1_139' title='bbox 117 1510 167 1567; x_wconf 89' lang='lat' dir='ltr'>hus</span> <span class='ocrx_word' id='word_1_140' title='bbox 183 1512 246 1567; x_wconf 91' lang='lat' dir='ltr'>dare</span> <span class='ocrx_word' id='word_1_141' title='bbox 261 1512 348 1568; x_wconf 89' lang='lat' dir='ltr'>iacere</span> <span class='ocrx_word' id='word_1_142' title='bbox 364 1519 492 1584; x_wconf 87' lang='lat' dir='ltr'>oportere</span> <span class='ocrx_word' id='word_1_143' title='bbox 506 1511 669 1579; x_wconf 86' lang='lat' dir='ltr'>intenditur,</span> <span class='ocrx_word' id='word_1_144' title='bbox 691 1509 884 1564; x_wconf 85' lang='lat' dir='ltr'>condictiones.</span> <span class='ocrx_word' id='word_1_145' title='bbox 929 1509 1075 1566; x_wconf 89' lang='lat' dir='ltr'>condicere</span> 
     </span>
     <span class='ocr_line' id='line_1_17' title="bbox 118 1591 1074 1666; baseline -0.002 -16"><span class='ocrx_word' id='word_1_146' title='bbox 118 1598 188 1650; x_wconf 89' lang='lat' dir='ltr'>enim</span> <span class='ocrx_word' id='word_1_147' title='bbox 204 1604 245 1652; x_wconf 86' lang='lat' dir='ltr'>est</span> <span class='ocrx_word' id='word_1_148' title='bbox 265 1595 423 1650; x_wconf 87' lang='lat' dir='ltr'>denuntiare</span> <span class='ocrx_word' id='word_1_149' title='bbox 443 1595 530 1665; x_wconf 90' lang='lat' dir='ltr'>prisca</span> <span class='ocrx_word' id='word_1_150' title='bbox 544 1593 649 1666; x_wconf 80' lang='lat' dir='ltr'>lingua:</span> <span class='ocrx_word' id='word_1_151' title='bbox 670 1610 743 1648; x_wconf 90' lang='lat' dir='ltr'>nuuc</span> <span class='ocrx_word' id='word_1_152' title='bbox 757 1608 821 1648; x_wconf 85' lang='lat' dir='ltr'>vero</span> <span class='ocrx_word' id='word_1_153' title='bbox 836 1591 944 1648; x_wconf 84' lang='lat' dir='ltr'>abusive</span> <span class='ocrx_word' id='word_1_154' title='bbox 960 1592 1074 1648; x_wconf 87' lang='lat' dir='ltr'>dicimus</span> 
     </span>
     <span class='ocr_line' id='line_1_18' title="bbox 119 1670 1074 1749; baseline -0.002 -15"><span class='ocrx_word' id='word_1_155' title='bbox 119 1679 316 1734; x_wconf 85' lang='lat' dir='ltr'>condictionem</span> <span class='ocrx_word' id='word_1_156' title='bbox 333 1679 465 1733; x_wconf 90' lang='lat' dir='ltr'>actionem</span> <span class='ocrx_word' id='word_1_157' title='bbox 480 1679 507 1733; x_wconf 91' lang='lat' dir='ltr'>in</span> <span class='ocrx_word' id='word_1_158' title='bbox 522 1693 664 1749; x_wconf 82' lang='lat' dir='ltr'>personum</span> <span class='ocrx_word' id='word_1_159' title='bbox 672 1670 695 1745; x_wconf 87' lang='lat'>,²</span> <span class='ocrx_word' id='word_1_160' title='bbox 710 1675 763 1749; x_wconf 89' lang='lat' dir='ltr'>qua</span> <span class='ocrx_word' id='word_1_161' title='bbox 778 1683 854 1731; x_wconf 83' lang='lat' dir='ltr'>ector</span> <span class='ocrx_word' id='word_1_162' title='bbox 867 1676 1000 1746; x_wconf 87' lang='lat' dir='ltr'>intendit,</span> <span class='ocrx_word' id='word_1_163' title='bbox 1015 1676 1074 1732; x_wconf 90' lang='lat' dir='ltr'>dari</span> 
     </span>
     <span class='ocr_line' id='line_1_19' title="bbox 118 1757 1073 1834; baseline 0.001 -18"><span class='ocrx_word' id='word_1_164' title='bbox 118 1761 167 1816; x_wconf 86' lang='lat' dir='ltr'>sibi</span> <span class='ocrx_word' id='word_1_165' title='bbox 178 1769 319 1834; x_wconf 86' lang='lat' dir='ltr'>oportere:</span> <span class='ocrx_word' id='word_1_166' title='bbox 329 1761 401 1816; x_wconf 83' lang='lat' dir='ltr'>nulia</span> <span class='ocrx_word' id='word_1_167' title='bbox 413 1762 482 1816; x_wconf 90' lang='lat' dir='ltr'>enim</span> <span class='ocrx_word' id='word_1_168' title='bbox 495 1761 547 1816; x_wconf 90' lang='lat' dir='ltr'>hoc</span> <span class='ocrx_word' id='word_1_169' title='bbox 559 1768 679 1832; x_wconf 87' lang='lat' dir='ltr'>tempore</span> <span class='ocrx_word' id='word_1_170' title='bbox 691 1775 723 1814; x_wconf 95' lang='lat' dir='ltr'>eo</span> <span class='ocrx_word' id='word_1_171' title='bbox 735 1761 842 1815; x_wconf 90' lang='lat' dir='ltr'>nomine</span> <span class='ocrx_word' id='word_1_172' title='bbox 853 1759 1020 1815; x_wconf 90' lang='lat' dir='ltr'>denuntiatio</span> <span class='ocrx_word' id='word_1_173' title='bbox 1033 1757 1073 1817; x_wconf 86' lang='lat' dir='ltr'>fit.</span> 
     </span>
     <span class='ocr_line' id='line_1_20' title="bbox 69 1842 1073 1917; baseline 0.006 -23"><span class='ocrx_word' id='word_1_174' title='bbox 69 1847 101 1894; x_wconf 84' lang='lat'>16</span> <span class='ocrx_word' id='word_1_175' title='bbox 181 1843 303 1917; x_wconf 89' lang='lat' dir='ltr'>Sequens</span> <span class='ocrx_word' id='word_1_176' title='bbox 318 1843 364 1898; x_wconf 91' lang='lat' dir='ltr'>iila</span> <span class='ocrx_word' id='word_1_177' title='bbox 379 1844 472 1898; x_wconf 89' lang='lat' dir='ltr'>divisio</span> <span class='ocrx_word' id='word_1_178' title='bbox 488 1852 545 1912; x_wconf 89' lang='lat' dir='ltr'>est,</span> <span class='ocrx_word' id='word_1_179' title='bbox 561 1844 633 1915; x_wconf 92' lang='lat' dir='ltr'>quod</span> <span class='ocrx_word' id='word_1_180' title='bbox 648 1842 777 1914; x_wconf 91' lang='lat' dir='ltr'>quaedam</span> <span class='ocrx_word' id='word_1_181' title='bbox 793 1844 912 1898; x_wconf 87' lang='lat' dir='ltr'>actiones</span> <span class='ocrx_word' id='word_1_182' title='bbox 928 1845 965 1898; x_wconf 89' lang='lat' dir='ltr'>rei</span> <span class='ocrx_word' id='word_1_183' title='bbox 980 1859 1073 1917; x_wconf 89' lang='lat' dir='ltr'>perse·</span> 
     </span>
     <span class='ocr_line' id='line_1_21' title="bbox 119 1926 1074 2001; baseline 0 -19"><span class='ocrx_word' id='word_1_184' title='bbox 119 1927 239 2000; x_wconf 91' lang='lat' dir='ltr'>quendae</span> <span class='ocrx_word' id='word_1_185' title='bbox 250 1929 336 2000; x_wconf 78' lang='lat' dir='ltr'>gratia</span> <span class='ocrx_word' id='word_1_186' title='bbox 347 1936 516 2001; x_wconf 88' lang='lat' dir='ltr'>comparatae</span> <span class='ocrx_word' id='word_1_187' title='bbox 528 1935 601 1994; x_wconf 89' lang='lat' dir='ltr'>sunt,</span> <span class='ocrx_word' id='word_1_188' title='bbox 609 1926 738 1999; x_wconf 88' lang='lat' dir='ltr'>quaedam</span> <span class='ocrx_word' id='word_1_189' title='bbox 748 1942 850 1998; x_wconf 90' lang='lat' dir='ltr'>poenae</span> <span class='ocrx_word' id='word_1_190' title='bbox 861 1927 1074 2000; x_wconf 87' lang='lat' dir='ltr'>persequendae,</span> 
     </span>
     <span class='ocr_line' id='line_1_22' title="bbox 71 2009 1075 2084; baseline 0.001 -19"><span class='ocrx_word' id='word_1_191' title='bbox 71 2013 100 2060; x_wconf 79' lang='grc'>17</span> <span class='ocrx_word' id='word_1_192' title='bbox 120 2011 248 2084; x_wconf 90' lang='lat' dir='ltr'>quaedam</span> <span class='ocrx_word' id='word_1_193' title='bbox 261 2013 357 2067; x_wconf 83' lang='lat' dir='ltr'>mixtae</span> <span class='ocrx_word' id='word_1_194' title='bbox 369 2020 442 2067; x_wconf 88' lang='lat' dir='ltr'>suut.</span> <span class='ocrx_word' id='word_1_195' title='bbox 465 2010 511 2066; x_wconf 87' lang='lat' dir='ltr'>liei</span> <span class='ocrx_word' id='word_1_196' title='bbox 524 2009 724 2084; x_wconf 87' lang='lat' dir='ltr'>persequendae</span> <span class='ocrx_word' id='word_1_197' title='bbox 734 2026 814 2066; x_wconf 90' lang='lat' dir='ltr'>causa</span> <span class='ocrx_word' id='word_1_198' title='bbox 826 2019 994 2082; x_wconf 80' lang='lat' dir='ltr'>comparatae</span> <span class='ocrx_word' id='word_1_199' title='bbox 1008 2021 1075 2066; x_wconf 86' lang='lat' dir='ltr'>suut</span> 
     </span>
     <span class='ocr_line' id='line_1_23' title="bbox 119 2095 1073 2167; baseline -0.001 -16"><span class='ocrx_word' id='word_1_200' title='bbox 119 2111 212 2151; x_wconf 94' lang='lat' dir='ltr'>omnes</span> <span class='ocrx_word' id='word_1_201' title='bbox 227 2097 253 2150; x_wconf 90' lang='lat' dir='ltr'>in</span> <span class='ocrx_word' id='word_1_202' title='bbox 269 2112 325 2150; x_wconf 91' lang='lat' dir='ltr'>rem</span> <span class='ocrx_word' id='word_1_203' title='bbox 340 2096 469 2151; x_wconf 88' lang='lat' dir='ltr'>actiones.</span> <span class='ocrx_word' id='word_1_204' title='bbox 500 2111 591 2151; x_wconf 89' lang='lat' dir='ltr'>earum</span> <span class='ocrx_word' id='word_1_205' title='bbox 607 2110 670 2148; x_wconf 91' lang='lat' dir='ltr'>vero</span> <span class='ocrx_word' id='word_1_206' title='bbox 686 2095 838 2163; x_wconf 90' lang='lat' dir='ltr'>actionum,</span> <span class='ocrx_word' id='word_1_207' title='bbox 854 2109 920 2166; x_wconf 81' lang='lat' dir='ltr'>quae</span> <span class='ocrx_word' id='word_1_208' title='bbox 935 2095 962 2148; x_wconf 90' lang='lat' dir='ltr'>iu</span> <span class='ocrx_word' id='word_1_209' title='bbox 977 2110 1073 2167; x_wconf 91' lang='lat' dir='ltr'>perso·</span> 
     </span>
     <span class='ocr_line' id='line_1_24' title="bbox 117 2177 1074 2251; baseline -0.001 -16"><span class='ocrx_word' id='word_1_210' title='bbox 117 2195 177 2235; x_wconf 91' lang='lat' dir='ltr'>nam</span> <span class='ocrx_word' id='word_1_211' title='bbox 193 2188 266 2245; x_wconf 90' lang='lat' dir='ltr'>sunt,</span> <span class='ocrx_word' id='word_1_212' title='bbox 283 2179 332 2234; x_wconf 89' lang='lat' dir='ltr'>hae</span> <span class='ocrx_word' id='word_1_213' title='bbox 346 2179 466 2251; x_wconf 90' lang='lat' dir='ltr'>quidem,</span> <span class='ocrx_word' id='word_1_214' title='bbox 481 2195 549 2250; x_wconf 92' lang='lat' dir='ltr'>quae</span> <span class='ocrx_word' id='word_1_215' title='bbox 564 2194 595 2234; x_wconf 84' lang='lat' dir='ltr'>ex</span> <span class='ocrx_word' id='word_1_216' title='bbox 611 2185 751 2234; x_wconf 91' lang='lat' dir='ltr'>contractu</span> <span class='ocrx_word' id='word_1_217' title='bbox 766 2186 928 2246; x_wconf 87' lang='lat' dir='ltr'>nascuntur,</span> <span class='ocrx_word' id='word_1_218' title='bbox 943 2177 1000 2233; x_wconf 85' lang='lat' dir='ltr'>iere</span> <span class='ocrx_word' id='word_1_219' title='bbox 1016 2195 1074 2234; x_wconf 90' lang='lat' dir='ltr'>om·</span> 
     </span>
     <span class='ocr_line' id='line_1_25' title="bbox 117 2261 1075 2336; baseline -0.002 -18"><span class='ocrx_word' id='word_1_220' title='bbox 117 2279 167 2318; x_wconf 89' lang='lat' dir='ltr'>nes</span> <span class='ocrx_word' id='word_1_221' title='bbox 179 2264 217 2317; x_wconf 89' lang='lat' dir='ltr'>rei</span> <span class='ocrx_word' id='word_1_222' title='bbox 232 2262 432 2336; x_wconf 86' lang='lat' dir='ltr'>persequendae</span> <span class='ocrx_word' id='word_1_223' title='bbox 449 2279 528 2317; x_wconf 90' lang='lat' dir='ltr'>causa</span> <span class='ocrx_word' id='word_1_224' title='bbox 545 2270 713 2335; x_wconf 89' lang='lat' dir='ltr'>comparatae</span> <span class='ocrx_word' id='word_1_225' title='bbox 725 2261 861 2316; x_wconf 90' lang='lat' dir='ltr'>videntur:</span> <span class='ocrx_word' id='word_1_226' title='bbox 878 2261 960 2316; x_wconf 87' lang='lat' dir='ltr'>veluti</span> <span class='ocrx_word' id='word_1_227' title='bbox 974 2261 1075 2333; x_wconf 91' lang='lat' dir='ltr'>quibus</span> 
     </span>
     <span class='ocr_line' id='line_1_26' title="bbox 117 2344 1074 2419; baseline 0.001 -19"><span class='ocrx_word' id='word_1_228' title='bbox 117 2355 236 2400; x_wconf 82' lang='lat' dir='ltr'>mutuatu</span> <span class='ocrx_word' id='word_1_229' title='bbox 252 2349 392 2419; x_wconf 91' lang='lat' dir='ltr'>pecuniam</span> <span class='ocrx_word' id='word_1_230' title='bbox 403 2345 445 2402; x_wconf 90' lang='lat' dir='ltr'>vei</span> <span class='ocrx_word' id='word_1_231' title='bbox 457 2346 483 2401; x_wconf 90' lang='lat' dir='ltr'>in</span> <span class='ocrx_word' id='word_1_232' title='bbox 494 2345 651 2417; x_wconf 84' lang='lat' dir='ltr'>stipulatum</span> <span class='ocrx_word' id='word_1_233' title='bbox 666 2344 807 2400; x_wconf 92' lang='lat' dir='ltr'>deductam</span> <span class='ocrx_word' id='word_1_234' title='bbox 821 2347 891 2418; x_wconf 88' lang='lat' dir='ltr'>petit</span> <span class='ocrx_word' id='word_1_235' title='bbox 906 2353 992 2414; x_wconf 90' lang='lat' dir='ltr'>actor,</span> <span class='ocrx_word' id='word_1_236' title='bbox 1006 2347 1074 2401; x_wconf 89' lang='lat' dir='ltr'>item</span> 
     </span>
     <span class='ocr_line' id='line_1_27' title="bbox 119 2429 1073 2502; baseline -0.001 -17"><span class='ocrx_word' id='word_1_237' title='bbox 119 2429 293 2500; x_wconf 90' lang='lat' dir='ltr'>commodati,</span> <span class='ocrx_word' id='word_1_238' title='bbox 310 2429 438 2502; x_wconf 89' lang='lat' dir='ltr'>depositi,</span> <span class='ocrx_word' id='word_1_239' title='bbox 462 2429 594 2498; x_wconf 89' lang='lat' dir='ltr'>mandati,</span> <span class='ocrx_word' id='word_1_240' title='bbox 615 2444 665 2502; x_wconf 88' lang='lat' dir='ltr'>pro</span> <span class='ocrx_word' id='word_1_241' title='bbox 681 2429 768 2497; x_wconf 89' lang='lat' dir='ltr'>socio,</span> <span class='ocrx_word' id='word_1_242' title='bbox 786 2437 936 2502; x_wconf 86' lang='lat' dir='ltr'>exempto,</span> <span class='ocrx_word' id='word_1_243' title='bbox 952 2429 1073 2499; x_wconf 84' lang='lat' dir='ltr'>vendito,</span> 
     </span>
     <span class='ocr_line' id='line_1_28' title="bbox 114 2512 1070 2585; baseline 0.004 -19"><span class='ocrx_word' id='word_1_244' title='bbox 114 2512 218 2582; x_wconf 89' lang='lat' dir='ltr'>locato,</span> <span class='ocrx_word' id='word_1_245' title='bbox 238 2513 381 2570; x_wconf 92' lang='lat' dir='ltr'>conducto.</span> <span class='ocrx_word' id='word_1_246' title='bbox 426 2512 503 2584; x_wconf 91' lang='lat' dir='ltr'>piane</span> <span class='ocrx_word' id='word_1_247' title='bbox 519 2515 541 2567; x_wconf 93' lang='lat' dir='ltr'>si</span> <span class='ocrx_word' id='word_1_248' title='bbox 557 2512 671 2584; x_wconf 91' lang='lat' dir='ltr'>depositi</span> <span class='ocrx_word' id='word_1_249' title='bbox 687 2519 785 2585; x_wconf 79' lang='lat' dir='ltr'>agetur</span> <span class='ocrx_word' id='word_1_250' title='bbox 800 2527 833 2566; x_wconf 95' lang='lat' dir='ltr'>eo</span> <span class='ocrx_word' id='word_1_251' title='bbox 848 2514 971 2582; x_wconf 92' lang='lat' dir='ltr'>nomine,</span> <span class='ocrx_word' id='word_1_252' title='bbox 994 2514 1070 2584; x_wconf 92' lang='lat' dir='ltr'>quod</span> 
     </span>
     <span class='ocr_line' id='line_1_29' title="bbox 114 2595 1070 2668; baseline 0.001 -17"><span class='ocrx_word' id='word_1_253' title='bbox 114 2595 259 2666; x_wconf 88' lang='lat' dir='ltr'>tumuitus,</span> <span class='ocrx_word' id='word_1_254' title='bbox 274 2597 403 2668; x_wconf 91' lang='lat' dir='ltr'>incendii,</span> <span class='ocrx_word' id='word_1_255' title='bbox 418 2597 523 2663; x_wconf 88' lang='lat' dir='ltr'>ruinae,</span> <span class='ocrx_word' id='word_1_256' title='bbox 538 2595 671 2668; x_wconf 79' lang='lat' dir='ltr'>naufragii</span> <span class='ocrx_word' id='word_1_257' title='bbox 691 2611 770 2651; x_wconf 88' lang='lat' dir='ltr'>causa</span> <span class='ocrx_word' id='word_1_258' title='bbox 790 2595 943 2668; x_wconf 87' lang='lat' dir='ltr'>depositum</span> <span class='ocrx_word' id='word_1_259' title='bbox 964 2598 1016 2666; x_wconf 88' lang='lat' dir='ltr'>sit,</span> <span class='ocrx_word' id='word_1_260' title='bbox 1041 2599 1070 2652; x_wconf 92' lang='lat' dir='ltr'>in</span> 
     </span>
     <span class='ocr_line' id='line_1_30' title="bbox 114 2678 1070 2753; baseline 0.001 -19"><span class='ocrx_word' id='word_1_261' title='bbox 114 2680 226 2753; x_wconf 92' lang='lat' dir='ltr'>duplum</span> <span class='ocrx_word' id='word_1_262' title='bbox 236 2682 367 2736; x_wconf 91' lang='lat' dir='ltr'>actionem</span> <span class='ocrx_word' id='word_1_263' title='bbox 379 2690 487 2753; x_wconf 87' lang='lat' dir='ltr'>praetor</span> <span class='ocrx_word' id='word_1_264' title='bbox 498 2680 595 2749; x_wconf 89' lang='lat' dir='ltr'>reddit,</span> <span class='ocrx_word' id='word_1_265' title='bbox 610 2682 632 2734; x_wconf 93' lang='lat' dir='ltr'>si</span> <span class='ocrx_word' id='word_1_266' title='bbox 650 2678 730 2735; x_wconf 92' lang='lat' dir='ltr'>modo</span> <span class='ocrx_word' id='word_1_267' title='bbox 743 2680 883 2750; x_wconf 89' lang='lat' dir='ltr'>cumipso,</span> <span class='ocrx_word' id='word_1_268' title='bbox 900 2679 970 2752; x_wconf 90' lang='lat' dir='ltr'>apud</span> <span class='ocrx_word' id='word_1_269' title='bbox 986 2696 1070 2753; x_wconf 91' lang='lat' dir='ltr'>quem</span> 
     </span>
     <span class='ocr_line' id='line_1_31' title="bbox 115 2763 1068 2837; baseline 0.001 -19"><span class='ocrx_word' id='word_1_270' title='bbox 115 2763 267 2836; x_wconf 85' lang='lat' dir='ltr'>depositum</span> <span class='ocrx_word' id='word_1_271' title='bbox 281 2766 327 2836; x_wconf 91' lang='lat' dir='ltr'>sit,</span> <span class='ocrx_word' id='word_1_272' title='bbox 342 2773 388 2819; x_wconf 90' lang='lat' dir='ltr'>aut</span> <span class='ocrx_word' id='word_1_273' title='bbox 404 2780 465 2819; x_wconf 85' lang='lat' dir='ltr'>curn</span> <span class='ocrx_word' id='word_1_274' title='bbox 480 2763 577 2818; x_wconf 90' lang='lat' dir='ltr'>herede</span> <span class='ocrx_word' id='word_1_275' title='bbox 595 2765 652 2818; x_wconf 88' lang='lat' dir='ltr'>eius</span> <span class='ocrx_word' id='word_1_276' title='bbox 668 2779 700 2818; x_wconf 82' lang='lat' dir='ltr'>en</span> <span class='ocrx_word' id='word_1_277' title='bbox 716 2763 779 2819; x_wconf 90' lang='lat' dir='ltr'>doio</span> <span class='ocrx_word' id='word_1_278' title='bbox 791 2763 875 2835; x_wconf 89' lang='lat' dir='ltr'>ipsius</span> <span class='ocrx_word' id='word_1_279' title='bbox 887 2764 992 2837; x_wconf 80' lang='lat' dir='ltr'>agitur:</span> <span class='ocrx_word' id='word_1_280' title='bbox 1008 2780 1068 2834; x_wconf 91' lang='lat' dir='ltr'>quo</span> 
     </span>
     <span class='ocr_line' id='line_1_32' title="bbox 70 2845 1140 2918; baseline -0.002 -14"><span class='ocrx_word' id='word_1_281' title='bbox 70 2848 99 2896; x_wconf 78' lang='lat'>¹8</span> <span class='ocrx_word' id='word_1_282' title='bbox 115 2865 178 2904; x_wconf 89' lang='lat' dir='ltr'>casu</span> <span class='ocrx_word' id='word_1_283' title='bbox 193 2849 273 2903; x_wconf 82' lang='lat' dir='ltr'>mitta</span> <span class='ocrx_word' id='word_1_284' title='bbox 288 2857 330 2904; x_wconf 90' lang='lat' dir='ltr'>est</span> <span class='ocrx_word' id='word_1_285' title='bbox 344 2849 422 2904; x_wconf 89' lang='lat' dir='ltr'>actio.</span> <span class='ocrx_word' id='word_1_286' title='bbox 450 2846 487 2902; x_wconf 83' lang='lat' dir='ltr'>En</span> <span class='ocrx_word' id='word_1_287' title='bbox 502 2845 636 2902; x_wconf 85' lang='lat' dir='ltr'>maleficiis</span> <span class='ocrx_word' id='word_1_288' title='bbox 650 2863 713 2902; x_wconf 93' lang='lat' dir='ltr'>vero</span> <span class='ocrx_word' id='word_1_289' title='bbox 726 2846 846 2918; x_wconf 89' lang='lat' dir='ltr'>proditae</span> <span class='ocrx_word' id='word_1_290' title='bbox 861 2847 981 2904; x_wconf 89' lang='lat' dir='ltr'>actiones</span> <span class='ocrx_word' id='word_1_291' title='bbox 996 2846 1069 2902; x_wconf 85' lang='lat' dir='ltr'>aliae</span> <span class='ocrx_word' id='word_1_292' title='bbox 1136 2849 1140 2854; x_wconf 87' lang='lat'>&#39;</span> 
     </span>
     <span class='ocr_line' id='line_1_33' title="bbox 117 2930 1068 3004; baseline 0 -18"><span class='ocrx_word' id='word_1_293' title='bbox 117 2940 220 2987; x_wconf 90' lang='lat' dir='ltr'>tantum</span> <span class='ocrx_word' id='word_1_294' title='bbox 235 2948 335 3004; x_wconf 90' lang='lat' dir='ltr'>poenae</span> <span class='ocrx_word' id='word_1_295' title='bbox 350 2930 552 3004; x_wconf 86' lang='lat' dir='ltr'>persequendae</span> <span class='ocrx_word' id='word_1_296' title='bbox 564 2947 642 2986; x_wconf 86' lang='lat' dir='ltr'>causa</span> <span class='ocrx_word' id='word_1_297' title='bbox 657 2939 825 3003; x_wconf 82' lang='lat' dir='ltr'>comparatae</span> <span class='ocrx_word' id='word_1_298' title='bbox 840 2937 914 3000; x_wconf 90' lang='lat' dir='ltr'>sunt,</span> <span class='ocrx_word' id='word_1_299' title='bbox 930 2931 995 2986; x_wconf 90' lang='lat' dir='ltr'>aliae</span> <span class='ocrx_word' id='word_1_300' title='bbox 1011 2940 1068 2986; x_wconf 91' lang='lat' dir='ltr'>tam</span> 
     </span>
     <span class='ocr_line' id='line_1_34' title="bbox 116 3013 1071 3088; baseline -0.002 -18"><span class='ocrx_word' id='word_1_301' title='bbox 116 3032 217 3088; x_wconf 91' lang='lat' dir='ltr'>poenae</span> <span class='ocrx_word' id='word_1_302' title='bbox 233 3032 310 3088; x_wconf 89' lang='lat' dir='ltr'>quam</span> <span class='ocrx_word' id='word_1_303' title='bbox 325 3018 364 3071; x_wconf 93' lang='lat' dir='ltr'>rei</span> <span class='ocrx_word' id='word_1_304' title='bbox 379 3013 579 3088; x_wconf 89' lang='lat' dir='ltr'>persequendae</span> <span class='ocrx_word' id='word_1_305' title='bbox 599 3022 627 3069; x_wconf 90' lang='lat' dir='ltr'>et</span> <span class='ocrx_word' id='word_1_306' title='bbox 647 3013 681 3068; x_wconf 90' lang='lat' dir='ltr'>oh</span> <span class='ocrx_word' id='word_1_307' title='bbox 696 3014 723 3069; x_wconf 91' lang='lat' dir='ltr'>id</span> <span class='ocrx_word' id='word_1_308' title='bbox 739 3015 834 3070; x_wconf 79' lang='lat' dir='ltr'>mixtae</span> <span class='ocrx_word' id='word_1_309' title='bbox 849 3023 923 3070; x_wconf 88' lang='lat' dir='ltr'>suut.</span> <span class='ocrx_word' id='word_1_310' title='bbox 953 3030 1071 3086; x_wconf 88' lang='lat' dir='ltr'>poenam</span> 
     </span>
     <span class='ocr_line' id='line_1_35' title="bbox 119 3097 1073 3173; baseline -0.002 -19"><span class='ocrx_word' id='word_1_311' title='bbox 119 3108 223 3155; x_wconf 90' lang='lat' dir='ltr'>tantum</span> <span class='ocrx_word' id='word_1_312' title='bbox 235 3101 407 3173; x_wconf 89' lang='lat' dir='ltr'>persequitur</span> <span class='ocrx_word' id='word_1_313' title='bbox 418 3100 478 3170; x_wconf 90' lang='lat' dir='ltr'>quis</span> <span class='ocrx_word' id='word_1_314' title='bbox 491 3099 596 3154; x_wconf 90' lang='lat' dir='ltr'>actione</span> <span class='ocrx_word' id='word_1_315' title='bbox 609 3097 689 3164; x_wconf 82' lang='lat' dir='ltr'>iurti3</span> <span class='ocrx_word' id='word_1_316' title='bbox 705 3099 760 3152; x_wconf 88' lang='lat' dir='ltr'>sive</span> <span class='ocrx_word' id='word_1_317' title='bbox 775 3099 844 3154; x_wconf 90' lang='lat' dir='ltr'>enim</span> <span class='ocrx_word' id='word_1_318' title='bbox 861 3098 993 3154; x_wconf 79' lang='lat' dir='ltr'>manifesti</span> <span class='ocrx_word' id='word_1_319' title='bbox 1008 3113 1073 3170; x_wconf 77' lang='lat' dir='ltr'>aga·</span> 
     </span>
    </p>
   </div>
   <div class='ocr_carea' id='block_1_4' title="bbox 119 3263 320 3272">
    <p class='ocr_par' dir='ltr' id='par_1_5' title="bbox 119 3263 320 3272">
     <span class='ocr_line' id='line_1_36' title="bbox 119 3263 320 3272; baseline -0.015 0"><span class='ocrx_word' id='word_1_320' title='bbox 119 3265 226 3272; x_wconf 76' lang='lat'><em>.-—-—-</em></span> <span class='ocrx_word' id='word_1_321' title='bbox 230 3263 320 3271; x_wconf 72' lang='grc'>---</span> 
     </span>
    </p>
   </div>
   <div class='ocr_carea' id='block_1_5' title="bbox 119 3376 1076 3499">
    <p class='ocr_par' dir='ltr' id='par_1_6' title="bbox 119 3376 1076 3499">
     <span class='ocr_line' id='line_1_37' title="bbox 187 3376 1076 3442; baseline 0.002 -15"><span class='ocrx_word' id='word_1_322' title='bbox 187 3377 206 3439; x_wconf 74' lang='lat'>¹)</span> <span class='ocrx_word' id='word_1_323' title='bbox 225 3379 264 3437; x_wconf 59' lang='grc' dir='ltr'>ἐξ.</span> <span class='ocrx_word' id='word_1_324' title='bbox 285 3379 322 3428; x_wconf 83' lang='grc'>14.</span> <span class='ocrx_word' id='word_1_325' title='bbox 344 3377 449 3440; x_wconf 81' lang='lat' dir='ltr'>15&#39;scre</span> <span class='ocrx_word' id='word_1_326' title='bbox 466 3400 500 3421; x_wconf 87' lang='lat'>--·</span> <span class='ocrx_word' id='word_1_327' title='bbox 519 3379 575 3429; x_wconf 83' lang='lat' dir='ltr'>Gai.</span> <span class='ocrx_word' id='word_1_328' title='bbox 594 3381 623 3440; x_wconf 82' lang='lat' dir='ltr'>t,</span> <span class='ocrx_word' id='word_1_329' title='bbox 642 3381 666 3428; x_wconf 85' lang='lat'>4.</span> <span class='ocrx_word' id='word_1_330' title='bbox 685 3379 710 3432; x_wconf 83' lang='lat'>5.</span> <span class='ocrx_word' id='word_1_331' title='bbox 729 3380 769 3430; x_wconf 92' lang='grc'>18.</span> <span class='ocrx_word' id='word_1_332' title='bbox 839 3376 862 3442; x_wconf 83' lang='lat'>²)</span> <span class='ocrx_word' id='word_1_333' title='bbox 882 3378 937 3428; x_wconf 83' lang='lat' dir='ltr'>Gai.</span> <span class='ocrx_word' id='word_1_334' title='bbox 959 3378 1076 3442; x_wconf 72' lang='lat' dir='ltr'>Theopd.</span> 
     </span>
     <span class='ocr_line' id='line_1_38' title="bbox 119 3447 460 3499; baseline 0.003 -5"><span class='ocrx_word' id='word_1_335' title='bbox 119 3459 179 3494; x_wconf 86' lang='lat' dir='ltr'>esse</span> <span class='ocrx_word' id='word_1_336' title='bbox 196 3447 292 3494; x_wconf 83' lang='lat' dir='ltr'>addunt</span> <span class='ocrx_word' id='word_1_337' title='bbox 309 3447 383 3499; x_wconf 85' lang='lat' dir='ltr'>codd.</span> <span class='ocrx_word' id='word_1_338' title='bbox 403 3447 460 3496; x_wconf 85' lang='lat' dir='ltr'>edd.</span> 
     </span>
    </p>
   </div>
   <div class='ocr_carea' id='block_1_6' title="bbox 0 0 1255 3890">
    <p class='ocr_par' dir='ltr' id='par_1_7' title="bbox 0 0 1255 3890">
     <span class='ocr_line' id='line_1_39' title="bbox 0 0 1255 3890; baseline 0 0"><span class='ocrx_word' id='word_1_339' title='bbox 0 0 1255 3890; x_wconf 95' lang='lat' dir='ltr'> </span> 
     </span>
    </p>
   </div>
  </div>
 </body>
</html>
