2500 3890
166 151 204 184 nr
219 149 459 200 oanreuuronrrnna,
471 151 545 193 ouer
555 152 590 190 tax
602 151 723 188 unnroro
735 139 955 200 uaecuurnn1V‚
969 139 994 192 1.
1028 134 1092 202 155,

130 292 215 346 etiam
229 307 293 348 uuus
309 291 367 346 eiua
383 293 610 364 possessioniave:
630 291 703 363 qnod
717 291 779 364 lege
793 291 907 348 naturali
921 291 1089 366 prohibitum

130 381 177 430 est
191 373 339 430 admittere.
371 369 500 433 ¹h'urtuat
512 375 655 432 autemvel
669 393 684 429 a
699 375 776 431 iurro
791 375 818 430 id
834 383 877 431 est
891 377 970 450 nigro
986 374 1120 436 diccunt
1214 391 1218 400 ’

130 465 185 527 est,
202 458 274 532 quod
289 458 359 514 olam
369 458 521 516 etobscute
535 459 566 518 tit
581 468 608 513 et
622 459 780 533 pierumque
791 469 884 515 nocte:
899 459 940 516 vei
951 477 965 517 a
978 459 1086 518 fraudo:

129 541 176 598 uei
195 559 212 596 a
233 542 361 608 terendo,
382 542 468 599 idest
487 542 646 600 auferendo:
669 541 709 598 vel
726 559 740 597 a
756 542 858 599 Graeco
874 559 1015 614 sermone,
1039 545 1086 616 qtti

129 621 236 700 φῶρας
257 626 395 699 appeliant
413 626 499 682 iures.
527 628 609 684 hanno
631 628 710 682 etiam
726 625 818 682 Graeci
832 613 890 682 ἀπὸ
911 623 963 682 τοῦ
985 620 1088 704 φέρειν

129 709 237 784 φώρας
256 709 389 768 diuorum.
420 703 584 768 ³Furtorum
603 719 692 766 autem
707 727 806 783 genera
826 709 881 765 duo
902 720 981 782 sunt,
1005 713 1088 770 mant
1104 712 1120 759 3

130 794 231 849 iestnm
246 803 274 849 et
285 810 335 849 neo
347 794 528 854 manifestum.
557 810 616 852 uam
631 803 790 867 conceptum
806 802 833 849 et
848 794 968 850 oblatum
983 796 1088 869 species

129 879 226 952 potius
246 879 359 933 actionis
375 877 530 936 suntiono
543 878 718 934 cohaerentes
733 895 811 950 qnam
827 895 926 952 genera
941 877 1088 947 furtorum,

129 963 202 1017 sicut
215 961 328 1017 inferius
344 962 489 1035 apparebit.
521 955 694 1018 ³maniiestus
709 962 755 1018 inr
769 969 826 1033 est,
843 978 922 1035 quem
936 961 1028 1018 Graeci
1042 953 1085 1018 ἐπ’

129 1036 297 1122 αὐτοφώρῳ
313 1045 459 1118 appeliant:
482 1062 532 1102 neo
551 1045 638 1104 solnm
659 1047 698 1115 is,
720 1047 766 1117 qui
781 1047 808 1100 in
823 1047 883 1118 ipso
899 1045 973 1101 iurto
989 1044 1085 1120 depre-

130 1128 275 1199 henditur,
298 1128 345 1184 sed
366 1131 445 1186 etiam
463 1130 501 1198 ia,
525 1131 569 1202 qui
592 1147 627 1188 eo
645 1128 706 1186 loco
727 1129 951 1202 deprehenditur,
975 1145 1029 1202 quo
1045 1127 1085 1204 fit,

129 1212 214 1268 veluti
237 1214 324 1284 quiin
340 1213 419 1268 domo
436 1213 536 1268 turtum
552 1212 615 1268 iecit
630 1222 673 1283 et,
694 1213 812 1269 nondum
829 1229 954 1286 egressus
969 1215 1084 1290 ianuam,

129 1297 317 1369 deprehensus
337 1296 434 1367 inerit,
455 1303 484 1352 et
504 1299 550 1370 qui
570 1297 599 1356 in
619 1297 719 1353 oliveto
737 1297 866 1354 olivarum
887 1306 932 1353 ant
951 1299 979 1352 in
994 1298 1084 1352 vineto

129 1397 244 1436 uvarum
258 1379 360 1435 inrtnm
375 1380 449 1452 iecit,
465 1380 592 1452 quamdiu
605 1381 633 1436 in
649 1397 680 1436 eo
696 1380 798 1438 oliveto
812 1390 858 1436 aut
873 1382 899 1435 in
915 1382 1004 1436 vineto
1020 1374 1085 1438 tnr⁴

129 1463 317 1538 deprehensus
333 1465 381 1519 sit:
402 1466 483 1520 immo
503 1465 616 1522 uitorius
638 1464 740 1520 furtum
754 1464 925 1520 manifestum
940 1464 1084 1524 extendeu-

129 1548 196 1604 dum
211 1556 267 1619 eat,
289 1547 415 1620 quamdiu
435 1564 492 1604 eam
512 1565 569 1604 rem
589 1547 633 1604 iur
649 1556 742 1604 tenens
759 1549 830 1606 visus
844 1546 886 1602 vei
901 1547 1084 1620 deprehensus

128 1631 214 1688 inerit
233 1633 289 1686 sive
309 1633 338 1686 iu
352 1631 461 1705 publico
475 1633 530 1688 sire
549 1633 576 1688 'tn
591 1632 694 1705 privato
709 1631 750 1687 vel
766 1648 780 1685 a
795 1631 904 1687 domino
919 1631 960 1688 vel
974 1629 1006 1686 ab
1022 1631 1084 1705 alio,

128 1724 273 1788 antequam
289 1732 322 1771 eo
338 1717 506 1788 pervenerit,
528 1732 581 1788 qno
597 1715 717 1788 perferre
736 1731 767 1772 ac
781 1716 916 1788 deponere
931 1731 987 1770 rem
1003 1714 1086 1770 desti·

128 1806 231 1856 nasset.
262 1799 310 1855 sed
325 1800 349 1853 si
363 1799 560 1872 pertuht,.quo
576 1799 733 1869 destinavit,
747 1801 854 1856 tametsi
869 1798 1085 1872 deprehendatur

129 1899 191 1939 cum
207 1899 236 1938 re
251 1882 367 1953 furtiva,
382 1900 436 1939 non
453 1891 495 1938 est
510 1883 665 1940 manifestus
680 1883 734 1940 iun.
760 1877 830 1939 inec
844 1883 1013 1940 manifestum
1028 1883 1084 1940 iur-

130 1975 188 2022 tum
210 1967 275 2040 quid
296 1968 346 2036 sit,
368 1983 399 2021 ex
420 1967 478 2036 his,
501 1982 568 2039 quae
583 1966 713 2036 diximus,
733 1967 915 2039 intellegitur:
935 1983 996 2022 nam
1011 1966 1084 2039 quod

128 2050 302 2106 manifestum
313 2067 368 2106 uon
379 2059 431 2120 est,
443 2049 470 2105 id
481 2050 584 2106 scilicet
596 2066 646 2105 nee
658 2051 827 2108 manifestum
839 2057 891 2105 est.
919 2049 1084 2122 conceptum
1101 2051 1118 2098 4

128 2135 233 2191 furtum
246 2135 353 2205 dicitnr,
372 2151 432 2190 cnm
445 2134 514 2207 apud
526 2134 641 2206 aliquem
657 2133 771 2190 testibus
785 2132 972 2207 praesentibus
986 2132 1084 2188 furtiva

128 2234 174 2275 rea
185 2219 307 2290 quaesita
319 2227 347 2274 et
363 2219 470 2274 iuventa
485 2219 534 2290 sit3
551 2233 612 2274 nam
623 2218 651 2272 in
662 2234 723 2273 enm
734 2217 842 2290 propria
854 2219 923 2274 actio
936 2218 1084 2273 constituta

128 2310 186 2372 est,
202 2303 323 2374 quamvis
337 2301 382 2357 iur
396 2318 451 2357 non
467 2303 517 2373 sit,
539 2317 608 2374 quae
628 2301 779 2374 appellatur
794 2302 927 2373 concepti.
966 2300 1085 2358 oblatum

128 2387 232 2442 turtum
247 2386 361 2454 dicitur,
383 2401 443 2442 cum
458 2401 502 2440 res
518 2385 615 2442 furtiva
630 2384 662 2440 ab
677 2384 768 2458 aliquo
784 2384 832 2440 tibi
848 2383 935 2440 oblata
949 2385 985 2440 sit
1000 2402 1084 2462 eaque

128 2470 200 2542 apud
222 2479 249 2524 te
271 2479 401 2542 concepta
423 2471 477 2541 sit,
499 2470 593 2541 ntique
607 2470 630 2524 ai
646 2484 676 2526 ea
691 2477 780 2526 mente
797 2467 843 2524 tibi
858 2468 917 2524 data
934 2468 1032 2540 inerit,
1055 2479 1085 2526 ut

128 2553 199 2627 apud
213 2564 240 2609 te
251 2555 342 2626 potius
356 2569 434 2626 quam
447 2553 517 2626 apud
533 2569 603 2622 eum,
620 2555 665 2625 qui
677 2553 791 2624 dederit,
807 2554 1008 2625 conciperetur:
1024 2570 1085 2610 nam

129 2637 189 2707 tibi,
205 2638 276 2711 apud
292 2653 371 2710 quem
386 2646 517 2710 concepta
532 2638 577 2707 sit,
593 2638 702 2709 propria
716 2637 843 2694 adversus
858 2653 929 2706 euru,
945 2638 991 2710 qui
1007 2636 1084 2693 obtu-

127 2723 178 2793 lit,
193 2723 313 2796 quamvis
328 2721 372 2776 iur
386 2738 442 2777 non
456 2723 506 2790 sit,
528 2722 675 2777 constituta
690 2729 732 2777 est
746 2723 831 2791 actio,
853 2735 920 2791 quae
935 2719 1085 2792 appellatur

128 2805 220 2864 oblati.
250 2806 381 2861 estetiam
391 2803 518 2878 prohibiti
534 2804 599 2860 iurti
615 2806 683 2861 actio
697 2804 825 2861 adversus
836 2820 908 2876 eum,
926 2805 972 2876 qui
982 2802 1085 2860 iurtutn

197 3002 217 3064 1)
234 3021 269 3046 =
287 3003 318 3051 L.
339 3003 353 3050 1
369 3018 412 3066 pr.
430 3003 463 3051 D.
476 3004 533 3052 eod.
604 2999 625 3064 ²)
636 3003 691 3051 init.
709 3002 768 3062 fere
785 3021 818 3043 ε
836 3000 868 3048 L.
887 3001 911 3047 2.
929 3000 962 3048 J).
979 3001 1037 3050 eod.
1050 3016 1085 3051 em

128 3072 189 3123 cati
204 3074 222 3120 l.
243 3073 274 3120 13
292 3071 330 3119 ad
345 3072 385 3122 ed.
403 3077 430 3119 et
448 3069 503 3118 Gai.
523 3072 548 3124 3,
568 3071 624 3121 183.
711 3067 732 3129 ³)
751 3065 949 3130 ...appellant
965 3087 999 3108 ==
1017 3068 1050 3118 L.
1067 3071 1083 3118 3

125 3155 169 3204 pr.
186 3140 219 3190 D.
238 3138 295 3190 eod.
315 3153 350 3188 cco
369 3136 427 3200 Uip.
449 3139 466 3189 l.
484 3138 516 3186 41
540 3138 576 3186 od
592 3135 655 3187 Sub.
755 3131 776 3194 ⁴)
795 3137 876 3184 malim
893 3134 947 3184 fuit
964 3141 989 3183 et
1007 3142 1083 3185 antea

126 3210 155 3256 et
173 3203 314 3272 quamdiu5
337 3221 393 3253 nam
416 3204 460 3253 fur
482 3203 555 3253 adeat
571 3219 588 3252 a
608 3202 731 3265 Theoph,
756 3202 798 3251 udi
814 3209 952 3264 praeterea
968 3203 1083 3263 fortunae

124 3289 177 3338 pro
196 3264 227 3323 ἐν
246 3264 392 3335 ἀμπελῶνι
410 3266 561 3334 κατέχεται
580 3272 708 3334 dependam
727 3262 757 3320 ἔν
775 3261 921 3331 ἀμπελῶνι
940 3254 979 3317 adv
998 3263 1083 3320 κατέ-

125 3355 217 3406 χεται.
325 3337 346 3402 ⁵)
364 3377 370 3389 .
386 3339 447 3398 μθ.
465 3340 489 3392 4.
503 3379 509 3393 .
524 3376 529 3389 .
544 3337 695 3387 .volentem
713 3335 883 3400 prohibuerit
898 3337 956 3397 fere
974 3356 1007 3377 =
1027 3336 1082 3386 Gai.

126 3412 152 3472 a,
174 3405 352 3458 1aa...1oa.
