2472 3896
154 223 194 286 12
305 242 340 276 nn
359 242 413 291 ms,
432 243 480 284 nur
497 241 541 277 sur
558 241 610 277 vnn
628 240 724 286 musar
742 226 970 286 ressuscitabit.

152 389 238 438 totam
254 399 329 438 suam
345 383 468 438 familiam
483 380 608 438 libertate
623 382 734 446 donare,
757 382 809 438 uisi
823 381 873 438 alia
888 397 968 438 mursa
982 377 1121 453 impediat

153 465 282 537 libertati,
297 465 474 523 morientibus
490 474 579 522 autem
594 465 747 523 huiusmodi
762 465 895 522 licentiam
910 463 1034 522 adimere.
1124 516 1126 522 ,

563 677 621 719 u1u.
633 678 701 718 vm.

248 762 299 812 Du
316 760 386 826 HIS,
405 759 469 824 QUI
487 761 545 812 SUI
563 761 637 815 VEL
655 760 781 813 ALIENI
798 760 898 813 IURIS
916 760 1017 812 SUNT.

102 902 138 945 ur.
220 876 368 958 ¹chuitur
383 884 416 941 de
431 885 489 940 iure
504 900 680 958 personarum
703 884 753 940 alia
773 883 878 941 divisio.
905 900 967 940 nam
982 882 1118 956 quaedam

152 983 286 1044 personae
307 971 350 1025 sui
372 969 439 1024 iuris
461 977 534 1040 sunt,
556 967 686 1041 quaedam
706 967 794 1024 alieno
815 969 867 1023 iuri
881 967 1016 1024 subiectae
1030 976 1116 1026 sunt:

153 1068 248 1108 rursus
271 1068 372 1124 earum,
395 1068 463 1126 quae
486 1051 573 1108 alieno
596 1053 650 1107 iuri
672 1050 807 1108 subiectae
828 1060 899 1122 sunt,
924 1051 991 1107 aliae
1013 1051 1041 1106 ln
1062 1067 1117 1124 po·

154 1144 251 1192 testate
266 1144 417 1210 parentum,
441 1135 506 1190 aliae
526 1137 554 1190 iu
573 1143 708 1209 potestate
729 1134 897 1192 dominorum
912 1143 985 1192 sunt.
1021 1133 1114 1190 videa-

153 1235 213 1275 mus
235 1221 325 1293 itaque
347 1219 380 1275 de
402 1219 454 1290 bis,
477 1235 545 1292 quae
568 1219 654 1274 alieno
677 1219 727 1274 iuri
750 1217 885 1276 subiectae
907 1227 985 1275 sunt:
1006 1234 1068 1274 nam
1089 1220 1115 1274 si

155 1305 371 1377 cognoverimus,
394 1319 462 1376 quae
482 1303 551 1358 istae
572 1319 704 1376 personae
725 1302 791 1374 siut,
813 1303 893 1358 simul
910 1301 1114 1376 intellegemus,

155 1403 223 1460 quae
245 1388 287 1442 sui
308 1388 373 1442 iuris
395 1396 467 1444 sunt.
504 1403 534 1443 ac
552 1388 628 1463 prius
648 1387 817 1460 dispiciamus
838 1387 870 1442 de
885 1387 937 1460 his,
960 1387 1005 1460 qui
1019 1387 1047 1441 in
1061 1403 1114 1459 po·

154 1478 253 1528 testate
268 1471 437 1528 dominorum
452 1479 524 1530 sunt.

122 1560 136 1606 1
217 1554 247 1612 ln
260 1563 396 1629 potestate
412 1556 503 1628 itaque
519 1555 687 1611 dominorum
708 1562 772 1610 sunt
791 1554 870 1610 servi.
914 1570 982 1627 quae
1004 1552 1113 1627 quidem

154 1646 276 1712 potestas
291 1641 356 1694 iuris
376 1640 498 1712 gentium
520 1647 574 1694 est:
597 1654 656 1693 nam
672 1637 742 1711 apud
758 1653 850 1693 omnes
864 1653 999 1710 peraeque
1014 1645 1112 1710 gentes

156 1721 364 1778 animadvertere
379 1738 534 1794 possumus,
557 1721 671 1777 dominis
686 1721 713 1775 iu
728 1737 821 1776 servos
836 1721 905 1776 vitae
920 1722 1047 1794 uecis'que
1061 1737 1113 1793 po-

156 1811 284 1860 testatem
304 1821 374 1875 esse,
397 1813 424 1860 et
445 1803 634 1877 quodcumque
654 1820 702 1877 per
722 1821 828 1860 servum
844 1803 1002 1878 adquiritur,
1023 1804 1050 1859 id
1063 1803 1113 1860 do·

122 1891 138 1938 2
156 1889 229 1943 mino
250 1887 408 1961 adquiritur.
446 1887 500 1944 Sed
515 1888 567 1944 hoc
582 1897 703 1961 tempore
718 1887 800 1944 nullis
815 1887 979 1961 bominibus,
1000 1889 1046 1961 qui
1060 1887 1113 1944 sub

156 1972 268 2045 imperio
288 1979 383 2027 nostro
404 1979 477 2042 sunt,
498 1971 562 2026 licet
576 1973 633 2028 sine
649 1987 728 2028 causa
743 1971 849 2046 legibus
864 1974 974 2046 cognita
988 1979 1017 2028 et
1030 1989 1114 2044 supra

156 2055 265 2112 modum
280 2057 308 2111 in
323 2072 415 2112 servos
430 2072 495 2111 suos
510 2057 619 2112 saevire.
656 2072 717 2111 nam
737 2071 770 2111 er
790 2056 994 2112 constitutione
1005 2055 1059 2111 divi
1071 2055 1113 2112 Pii

155 2139 284 2196 Antonini
306 2141 352 2215 qui
374 2141 433 2196 sine
456 2156 535 2196 causa
556 2156 661 2195 servum
684 2156 763 2194 suum
786 2139 923 2210 occiderit,
946 2156 1001 2196 non
1023 2140 1114 2196 minus

156 2225 244 2296 puniri
266 2223 384 2295 iubetur,
406 2240 485 2298 quam
508 2225 553 2297 qui
575 2239 682 2279 servum
705 2223 819 2279 alienum
842 2223 980 2280 occiderit.
1013 2223 1060 2278 sed
1083 2232 1114 2279 et

156 2309 241 2362 maior
268 2309 396 2380 asperitas
423 2307 594 2363 dominorum
621 2307 740 2363 ciusdem
768 2307 896 2380 principis
918 2308 1114 2364 constitutione

156 2399 305 2446 coercetur.
349 2408 408 2446 nam
430 2391 570 2446 consultus
593 2408 608 2446 a
630 2390 789 2464 quibusdam
814 2390 982 2463 praesidibus
1004 2393 1113 2465 provin·

157 2474 256 2530 ciarum
272 2474 305 2530 de
322 2474 363 2529 bis
378 2475 473 2545 servis,
489 2477 534 2548 qui
550 2474 582 2529 ad
598 2475 690 2531 aedem
705 2490 807 2529 sacram
821 2474 864 2530 vel
876 2475 908 2529 ad
924 2483 1026 2530 statuas
1037 2475 1113 2547 priu-

134 2581 136 2584 ·
158 2558 246 2631 cipum
262 2557 431 2630 confugiunt,
447 2559 595 2632 praecepit,
616 2566 646 2613 ut
662 2559 685 2614 si
699 2557 878 2613 intolerabilis
891 2558 1011 2614 videatur
1026 2557 1113 2613 domi·

156 2657 253 2697 norum
268 2643 387 2711 saevitia,
409 2650 544 2715 cogantur
558 2658 650 2697 servos
671 2640 749 2697 bonis
769 2641 969 2698 condicionibus
985 2641 1113 2714 vendere,

157 2732 187 2781 nt
202 2727 318 2799 pretium
333 2725 448 2781 dominis
463 2726 587 2781 daretur:
610 2734 637 2780 et
651 2734 741 2794 recte;
764 2725 870 2798 expedit
885 2728 955 2782 euim
969 2727 1009 2781 rei
1024 2724 1113 2798 publi-

156 2826 212 2883 cae,
235 2825 268 2865 ne
290 2810 351 2883 quis
372 2826 403 2865 rc
424 2825 472 2864 sua
494 2809 561 2864 male
577 2816 679 2865 utatur.
706 2801 805 2864 ²cuius
821 2810 945 2883 rescripti
961 2809 993 2864 ad
1008 2809 1113 2864 Aelium

156 2894 316 2950 Marcianum
339 2895 430 2949 emissi
451 2893 531 2949 verba
553 2892 620 2948 haec
641 2900 718 2948 sunt:
743 2889 926 2948 ‘Dominarum
942 2893 1049 2967 quidem
1062 2910 1111 2966 po·

156 2973 290 3033 ‘testatem
308 2978 335 3032 in
347 2994 412 3033 suos
427 2993 520 3032 servos
532 2975 660 3031 illibatam
672 2991 731 3031 esse
744 2985 854 3050 oportet
864 2993 914 3032 nec
925 2978 1047 3048 cuiquam
1062 2977 1111 3031 ho·

157 3057 269 3117 ‘minum
280 3063 322 3115 ius
334 3063 413 3116 suuni
426 3060 540 3115 detrahi.
569 3059 616 3114 sed
626 3059 793 3116 dominorum
804 3063 927 3130 interest,
942 3077 976 3116 ne
985 3059 1110 3115 auxilium
1202 3081 1205 3086 ·

156 3142 262 3200 ‘contra
276 3145 411 3200 saevitiam
426 3143 469 3198 vei
483 3143 580 3199 lamam
596 3143 637 3199 vel
652 3144 847 3200 intolerabilem
862 3145 984 3200 iniuriam
995 3144 1110 3217 denege-

224 3355 243 3420 ¹)
262 3358 309 3410 Pr.
327 3357 349 3418 ξ.
370 3360 383 3406 1
406 3363 431 3408 et
452 3373 516 3421 pars
533 3357 556 3418 §-
575 3359 589 3406 2
606 3357 664 3420 fere
682 3378 714 3399 =
735 3357 790 3407 Gai.
811 3358 838 3412 1,
856 3357 964 3406 48-53.
982 3357 1014 3405 L.
1035 3357 1056 3405 1.
1077 3357 1109 3408 D.

155 3427 187 3475 dc
205 3425 244 3475 bt's
261 3426 304 3489 qui
320 3425 361 3474 aui
377 3423 416 3487 (1,
435 3425 471 3490 6).
561 3423 582 3489 ²)
603 3420 642 3487 Cf.
662 3426 693 3479 L.
712 3427 736 3477 2.
755 3424 787 3472 1).
806 3424 838 3472 de
855 3423 894 3472 itis
911 3425 954 3488 qui
970 3425 1010 3473 oui
1027 3422 1066 3485 (1,
1083 3423 1110 3486 o)

155 3493 245 3544 Gollot.
265 3495 288 3555 3,
308 3493 424 3556 3,1-3.
