2492 3896
168 175 206 210 nr
227 174 357 211 srneuurs
379 175 462 212 mans
482 176 536 211 raa
554 176 789 212 rrnrroounrssuu
807 176 926 212 nnmorrs
942 161 985 226 11,
1004 164 1045 212 24.
1090 159 1130 224 97

167 315 251 370 heres
270 313 382 388 perfidia
404 323 495 372 tentus
516 315 662 389 adimplere
681 315 759 372 iidem
786 325 893 373 recusat
911 315 1051 390 negando,
1073 332 1130 371 rem

167 401 207 454 ita
223 415 283 454 esse
299 397 484 470 subsecutam,
501 400 523 454 si
540 397 998 456 fideicommissarius'iusiurandum
1013 401 1037 455 ei
1053 399 1130 456 detu-

167 483 248 554 lerit,
270 499 330 538 cum
350 483 425 555 prius
446 484 505 556 ipse
527 482 559 539 de
575 483 706 539 calumnia
721 485 861 554 iuraverit,
884 500 994 540 necesse
1008 500 1068 540 eum
1084 483 1130 538 ha-

168 565 236 622 here
251 566 293 621 vel
308 565 492 621 iusiurandum
507 565 614 638 subire,
638 565 710 639 quod
731 567 798 622 nihil
814 568 866 624 tale
882 586 896 624 a
913 576 1042 624 testatore
1057 566 1131 622 audi·

167 650 223 719 vit,
246 650 287 705 vel
309 661 478 706 recusantem
494 649 526 706 ad
542 648 739 706 fideicommissi
754 651 795 706 vel
817 653 998 708 universitatis
1013 651 1055 706 vel
1070 667 1131 725 spe·

169 733 247 788 cialis
268 733 432 789 solutionem
454 736 582 804 coartari,
604 750 638 788 ne
659 733 786 807 depereat
800 735 893 791 ultima
908 735 1032 791 voluntas
1048 743 1130 790 testa-

170 818 242 872 toris
263 815 325 872 fidei
347 816 455 872 heredis
476 819 627 874 commissa.
671 817 762 874 eadem
785 816 920 874 observari
936 821 1088 874 censuimus
1104 826 1132 874 et

170 901 195 956 si
211 917 225 956 a
241 901 370 972 legatario
382 901 424 956 vel
436 900 682 957 fideicommissario
697 901 797 974 aliquid
813 902 935 957 similiter
949 901 1072 957 relictum
1088 903 1131 960 sit.

171 984 270 1056 quodsi
286 986 319 1055 is,
334 1000 348 1038 a
365 1000 418 1056 quo
434 985 558 1040 relietum
574 985 687 1055 dicitur,
703 983 864 1042 confiteatur
879 984 986 1058 quidem
1001 984 1100 1056 aliquid
1115 1002 1131 1040 a

171 1084 202 1123 se
218 1068 341 1124 relictum
357 1084 428 1138 esse,
443 1068 490 1124 sed
505 1068 537 1124 ad
553 1068 621 1141 legis
636 1068 810 1125 subtilitatem
825 1068 961 1137 decurrat,
976 1067 1130 1124 omnimodo

168 1151 308 1226 cogendus
322 1159 364 1207 est
379 1152 492 1209 solvere.
982 1179 990 1210 e

570 1363 629 1404 'l'I'L
639 1363 727 1403 XXIV.

247 1448 297 1497 DE
317 1446 484 1498 SINGULIS
503 1445 622 1498 REBUS
640 1447 713 1497 PER
730 1446 1044 1498 FIDEIGOMMISSUM

559 1530 739 1580 RELICTIS.

234 1647 347 1708 ¹¹Potest
360 1661 449 1708 autem
465 1654 525 1725 quis
541 1653 620 1708 etiam
637 1652 755 1726 singulas
771 1668 814 1707 res
828 1668 878 1726 per
893 1649 1128 1708 fideicommissum
1140 1663 1176 1704 1²1.

172 1736 334 1811 relinquere,
349 1735 432 1791 veluti
448 1735 570 1806 lundam,
587 1735 734 1805 hominem,
751 1744 863 1806 vestem,
878 1745 1030 1810 argentum,
1045 1753 1127 1811 pecu-

172 1823 240 1876 niam
262 1828 446 1889 numeratam,
474 1829 501 1875 et
522 1820 564 1875 vel
592 1822 681 1892 ipsum
709 1820 834 1876 heredem
855 1837 966 1893 rogare,
995 1829 1026 1876 ut
1048 1821 1126 1878 elicui

171 1907 310 1974 restituat,
334 1902 375 1958 vel
389 1903 564 1978 legatarium,
586 1905 705 1974 quamvis
722 1922 735 1958 a
751 1904 880 1976 legatario
895 1905 979 1979 legari
995 1921 1048 1960 non
1063 1922 1127 1978 pos·

170 1990 215 2044 sit.
244 1989 338 2044 Potest
360 1995 449 2042 aulem
473 2004 527 2043 non
547 1987 635 2042 solum
656 1988 778 2060 proprias
799 1996 913 2043 testator
933 2004 976 2042 res
992 2004 1040 2060 per
1054 1986 1127 2044 fidei·
1147 1988 1159 2032 1

170 2074 342 2128 commissum
364 2070 533 2144 relinquere,
555 2070 602 2126 sed
624 2078 651 2126 et
672 2070 779 2126 lreredis
794 2079 840 2125 aut
854 2071 976 2144 legatarii
991 2079 1037 2126 aut
1052 2069 1126 2126 fidei-

171 2156 346 2213 commissarii
367 2163 414 2209 aut
436 2154 580 2210 cuiuslibet
609 2154 727 2209 alterius.
771 2155 861 2226 itaque
884 2163 911 2209 et
933 2154 1078 2227 legatarius
1100 2164 1129 2210 ei

170 2238 432 2296 fideicommissarius
454 2254 509 2295 non
530 2237 617 2293 solum
638 2237 672 2292 de
692 2253 723 2292 ea
743 2253 772 2292 re
792 2239 883 2310 rogari
899 2246 1005 2311 potest,
1026 2248 1056 2293 ut
1071 2255 1128 2294 eam

170 2324 249 2379 elicui
271 2323 414 2391 restituat,
437 2338 504 2394 quae
527 2323 551 2376 ei
573 2321 665 2376 relicta
688 2321 738 2391 sit,
761 2321 808 2376 sed
830 2323 909 2377 etiam
930 2321 963 2377 de
983 2322 1048 2393 alia,
1071 2324 1127 2378 sive

169 2408 253 2481 ipsius
268 2408 326 2460 sive
341 2405 425 2461 aliena
447 2407 492 2460 sit.
538 2405 589 2460 hoc
610 2405 698 2460 solum
719 2403 913 2461 observandum
933 2414 990 2476 est,
1013 2422 1046 2461 ne
1066 2407 1128 2481 plus

169 2492 311 2564 quisquam
332 2498 445 2562 rogetur
465 2489 543 2544 alicui
564 2491 724 2558 restituere,
746 2506 825 2561 quam
845 2491 903 2564 lpse
919 2506 951 2545 ex
966 2498 1127 2567 testamento
1195 2516 1200 2524 ·

167 2575 288 2647 ceperit3
311 2589 371 2628 nam
394 2573 465 2645 quod
487 2571 600 2646 amplius
624 2582 680 2644 est,
703 2572 834 2628 inutiliter
853 2574 1022 2648 relinquitur.
1068 2591 1127 2630 cum

168 2667 259 2714 autem
274 2657 359 2711 aliena
381 2673 424 2711 res
443 2673 493 2729 per
513 2654 746 2711 fideicommissum
761 2657 938 2728 relinquitur,
961 2674 1072 2713 necesse
1087 2665 1128 2712 est

167 2743 211 2811 ei,
228 2742 274 2812 qui
291 2749 404 2812 rogatus
420 2749 472 2812 est,
488 2748 534 2794 aut
548 2741 631 2812 ipsam
647 2740 778 2795 redimere
793 2749 820 2795 et
835 2750 971 2812 praestare
987 2750 1032 2795 aut
1048 2742 1127 2795 aesli-

168 2826 314 2880 mationem
331 2825 388 2878 eius
404 2824 516 2882 solvere.
547 2815 687 2878 ²Libertas
709 2839 817 2896 quoque
837 2839 914 2878 servo
930 2839 978 2895 per
992 2823 1127 2878 fideicom·
1145 2823 1161 2870 2

168 2909 282 2963 missum
305 2908 360 2962 dari
381 2914 489 2980 potest,
515 2916 545 2962 ut
566 2907 643 2962 heres
666 2923 725 2961 eum
748 2913 862 2978 rogetur
876 2908 1062 2961 manumittere
1085 2907 1127 2962 vel

168 2992 317 3064 legatarius
332 2991 374 3045 vel
391 2989 662 3047 fideicommissarins.
706 3006 757 3044 nec
771 2990 900 3058 interest,
923 2998 1014 3044 utrum
1030 2989 1062 3044 de
1077 3007 1127 3046 suo

168 3075 282 3149 proprio
299 3091 376 3130 servo
393 3081 508 3129 testator
523 3082 618 3147 roget,
641 3073 721 3128 ande
737 3089 786 3144 eo,
802 3074 847 3145 qui
863 3074 945 3145 ipsius
961 3073 1067 3129 heredis
1082 3083 1129 3129 aut

169 3159 295 3232 legatarii
315 3157 356 3213 vel
378 3159 456 3213 etiam
478 3157 597 3212 extranei
617 3158 662 3213 sit.
699 3158 790 3229 itaque
810 3156 911 3212 alienus
926 3173 1019 3212 servus
1034 3157 1127 3214 redimi

225 3352 330 3471 ηίέἵρζῇι
332 3355 359 3469 J
380 3357 392 3403 1
409 3355 466 3417 sere
483 3373 518 3397 =
536 3355 590 3406 Gai.
604 3355 653 3402 260
666 3388 708 3406 ...
724 3353 781 3406 262.
867 3351 889 3418 ²)
904 3374 938 3397 ε
957 3354 1012 3405 dat.
1031 3356 1061 3418 2,
1078 3356 1127 3405 263

204 3519 362 3555 rvsrrrrrsnr
385 3519 597 3555 rusrrrvrronns.
958 3508 973 3556 'i
