2500 3890
105 193 165 256 146
386 207 421 242 nn
440 207 565 244 nanneno
582 193 637 255 111,
655 194 687 242 26
706 190 768 255 (st).

101 357 182 422 atque
204 349 392 422 neglegentiae
407 349 531 418 nomine,
552 348 702 420 quaesitum
717 355 772 402 ests
791 345 941 420 praevaluit
956 353 1061 415 tamen,

98 435 181 488 etiam
193 432 287 505 eulpae
297 433 405 487 nomine
419 433 505 487 teneri
516 447 586 487 enm.
615 423 710 504 ¹eulpa
725 439 812 486 eutem
825 446 884 485 non
898 429 930 484 ad
943 431 1062 486 exactis·

101 519 194 573 simam
216 515 384 589 diligentiam
405 513 544 588 dirigenda
566 523 623 572 est:
647 514 829 570 sulfiditenim
845 513 925 568 talem
940 512 1059 586 diligen·

101 602 166 656 tiam
182 601 209 656 in
225 598 410 655 communibus
425 598 506 654 rebus
515 598 641 654 adhibere
655 601 768 669 socium,
784 597 889 670 qualem
903 598 960 653 suis
970 596 1061 653 rebus

104 683 231 739 udlribere
254 683 335 739 solet.
372 684 501 755 namqui
523 698 615 756 parum
638 681 793 756 diligentem
812 683 917 736 sosium
940 679 989 736 sibi
1008 680 1060 735 ed-

102 761 213 842 sumit‚²
234 767 267 822 de
282 783 311 823 se
327 769 420 840 queri,
443 766 495 822 boe
510 775 551 822 est
570 782 636 822 suae
657 766 684 821 id
704 765 900 838 imprudentiae
922 766 1060 837 imputare

99 850 187 908 debet.
199 844 211 885 ³

439 1029 497 1070 TIT.
510 1027 589 1068 XXVI
602 1026 715 1077 (XXVII).

451 1131 500 1179 nn
519 1128 704 1179 mantnano.
780 1112 784 1122 '

53 1274 89 1314 Pr·
169 1263 340 1325 4llandatnm
360 1268 528 1324 contrahitur
543 1270 662 1341 quinque
688 1267 787 1337 modis,
809 1269 865 1324 sive
884 1285 932 1324 sna
952 1275 1060 1325 tantum

102 1354 188 1427 gratie
203 1353 298 1424 aliquis
316 1351 363 1407 tibi
378 1353 499 1421 mandet,
522 1353 577 1407 sive
591 1369 639 1408 sua
655 1360 682 1408 et
697 1359 757 1422 tua,
773 1354 828 1408 slve
843 1353 927 1408 aliena
941 1362 1059 1422 tantum,

101 1438 157 1492 sive
172 1453 220 1492 sua
234 1446 261 1493 et
276 1435 377 1506 aliena,
397 1436 452 1491 sire
474 1445 518 1491 tna
533 1444 560 1491 et
575 1435 668 1492 aliena.
706 1439 733 1491 a't
747 1437 771 1490 si
787 1445 832 1492 tua
848 1443 951 1492 tantum
968 1438 1060 1510 gratia

103 1519 150 1576 tibi
165 1521 318 1577 mandatum
332 1521 380 1589 sit,
404 1535 596 1594 supervacuum
616 1528 660 1575 est
677 1520 827 1575 mandatum
848 1526 877 1576 et
891 1519 925 1576 ob
940 1519 967 1575 id
982 1521 1061 1576 nulla

68 1611 82 1658 1
102 1620 134 1661 er
149 1621 182 1660 eo
198 1603 328 1677 obligatio
343 1619 394 1659 neo
409 1603 523 1659 mandati
539 1604 609 1659 inter
625 1621 671 1660 ros
687 1606 758 1660 aetio
773 1605 901 1659 nascitur.
932 1603 1060 1659 liandan-

102 1689 135 1743 tis
152 1696 254 1743 tantum
270 1689 355 1761 gratia
369 1688 514 1743 intervenit
527 1685 693 1759 mandatnm,
709 1687 792 1742 veluti
807 1688 904 1760 siquis
920 1686 968 1742 tibi
984 1703 1060 1744 man·

101 1770 163 1840 det,
185 1778 216 1825 ut
231 1772 341 1844 negotia
362 1769 420 1825 eius
443 1786 566 1843 gereres,
588 1771 631 1825 vel
653 1777 685 1826 ut
705 1770 818 1827 fundum
834 1772 858 1826 ei
872 1784 994 1842 emeres,
1016 1772 1061 1827 vel

68 1858 83 1904 2
101 1862 132 1910 nt
146 1870 195 1927 pro
212 1871 244 1909 eo
260 1852 417 1927 sponderes.
447 1853 503 1908 'l'ua
518 1855 724 1924 emendantis,
739 1853 823 1910 veluti
837 1855 860 1910 si
874 1854 984 1910 mandet
998 1854 1058 1926 tibi,

98 1945 132 1993 -nt
144 1939 288 2012 'penuriam
303 1935 353 1992 sub
369 1938 458 1993 usuris
474 1936 597 1994 crederes
613 1939 651 2006 ei,
674 1941 720 2010 qni
735 1939 834 1994 iurem
850 1940 935 2012 ipsius
951 1947 1060 1994 mutua·

101 2029 189 2092 retur,
213 2030 258 2077 aut
278 2022 317 2091 ai,
336 2021 444 2077 volente
465 2029 491 2076 te
511 2037 591 2095 agere
606 2038 665 2078 oum
687 2035 766 2078 noer
781 2021 1060 2093 fideiussoriaoausa,

101 2104 208 2161 mandet
225 2104 282 2176 tibi,
298 2113 330 2161 ut
345 2121 404 2161 cum
420 2121 467 2160 reo
483 2122 547 2178 agas
563 2106 682 2178 periculo
694 2106 854 2178 mandantis,
869 2105 909 2162 vel
926 2113 957 2160 ut
971 2107 1060 2179 ipsius

101 2190 222 2263 periculo
243 2189 381 2262 stipuleris
402 2188 433 2244 ab
455 2205 506 2258 eo,
530 2206 610 2262 quem
626 2188 674 2256 tibi
689 2189 797 2263 deleget
811 2191 838 2244 in
853 2189 897 2261 id,
919 2189 993 2261 quod
1008 2190 1061 2248 tibi

69 2277 85 2324 3
102 2273 241 2329 debuerat.
279 2273 372 2328 Aliena
387 2266 512 2328 tautnm⁵
527 2290 606 2330 eausa
626 2275 769 2329 intervenit
784 2273 950 2343 mandatum,
973 2273 1061 2331 veluti

98 2357 125 2411 si
140 2355 188 2411 tibi
204 2355 325 2426 mandet,
347 2362 379 2410 ut
393 2356 456 2411 'litii
477 2357 586 2430 negotia
600 2367 728 2430 gereres,
751 2357 792 2413 vel
814 2364 843 2412 ut
858 2357 928 2412 Titio
944 2358 1061 2414 fundum

69 2445 84 2491 4
102 2453 224 2510 emeres,
246 2439 288 2494 vel
308 2446 339 2494 nt
358 2455 408 2511 pro
424 2439 494 2494 'litio
515 2440 672 2513 sponderes.
707 2439 763 2496 'Sua
780 2440 919 2511 stelione,
937 2442 1021 2498 veluti
1034 2447 1061 2498 si

175 2649 194 2715 ¹)
210 2653 269 2712 fere
281 2671 314 2692 =
326 2653 358 2700 L.
372 2653 413 2702 72.
432 2654 465 2702 D.
480 2667 531 2716 pro
548 2668 601 2703 soe.
618 2651 669 2718 (17,
682 2652 708 2712 2)
728 2669 763 2703 en
781 2654 839 2704 Gaia·
856 2655 898 2703 tu
916 2670 969 2704 rer.
987 2662 1059 2720 quot.

96 2715 122 2782 ²)
141 2717 219 2768 uid
238 2727 263 2768 et
282 2721 398 2784 plerique
421 2721 494 2770 codd.
517 2721 594 2782 infler.
613 2723 671 2770 item
691 2719 801 2784 Tlteoplt.
820 2720 937 2770 adscivit
951 2719 995 2769 *Bl
1012 2721 1062 2772 ed-

101 2786 185 2851 quirit
202 2787 261 2850 Dig.
278 2785 428 2848 adsumpsit
450 2789 490 2836 ed.
514 2787 586 2836 Sclm.
672 2783 693 2851 ⁸)
712 2787 745 2836 de
762 2802 790 2837 se
808 2788 882 2852 queri
899 2787 981 2838 debet
1002 2790 1061 2853 [lig.

101 2856 160 2906 edd.
180 2852 253 2904 Sedr.
272 2859 297 2904 et
314 2853 365 2903 Kr.
383 2856 431 2904 sed
446 2853 525 2904 debet
541 2869 586 2904 one
606 2856 675 2904 multi
691 2857 765 2905 codd.
782 2857 851 2920 quod
867 2857 964 2906 addunt
982 2858 1060 2906 codd.

102 2936 187 2971 omnes
213 2921 265 2970 hoe
288 2926 330 2971 est
352 2921 404 2972 sibi
428 2921 562 3002 imputare
584 2921 665 2971 debet
685 2923 729 2972 uiae
748 2937 799 3002 gro
822 2937 890 2972 mero
906 2925 1062 2987 glossemate

101 2988 240 3038 habendum
252 2994 306 3046 est:
325 3005 380 3038 nom
393 2980 497 3040 ἕαυτον
510 2981 654 3038 αἰτιάσθω
672 2986 725 3049 τῆς
743 2987 889 3052 edomitas,
908 2980 944 3046 ὥς
963 2981 1062 3058 ἑαυτῷ

100 3053 152 3119 τῆς
171 3053 273 3120 ζημίας
291 3051 443 3120 γενόμενος
456 3053 549 3114 αἴτιος
565 3053 676 3120 Tlreoplr.
687 3058 819 3120 genuinum
831 3058 907 3120 igitur
919 3059 989 3122 quod
999 3059 1065 3107 dedi

98 3122 187 3185 suerit.
206 3123 239 3186 of.
258 3123 281 3182 ξ.
299 3125 323 3172 3.
341 3122 366 3171 Ι.
386 3123 451 3188 quid.
473 3124 537 3172 mod.
555 3137 585 3172 ae
604 3121 644 3186 (3,
665 3122 708 3186 14)
731 3123 815 3188 ibique
837 3121 947 3186 Paeoni.
966 3139 1063 3174 eorru-

99 3193 185 3252 plaiae
203 3204 281 3239 causa
297 3191 396 3239 insolite
414 3191 565 3253 interposita
581 3206 602 3238 a.
625 3188 653 3238 id
670 3195 695 3238 el
712 3192 846 3240 similitudo
864 3208 886 3240 a.
904 3190 1062 3255 impruden·

100 3257 157 3306 tiae
175 3262 200 3306 el
217 3256 359 3320 imputare.
442 3253 465 3318 ⁴)
481 3272 523 3320 pr.
541 3256 581 3318 ἕξ.
600 3257 693 3310 1...6
709 3258 812 3320 sere==
828 3259 860 3311 L.
878 3259 902 3311 2.
921 3258 953 3309 D.
973 3262 1062 3314 mand.

101 3318 158 3382 (17,
178 3322 204 3383 1)
228 3339 262 3372 ece
285 3322 342 3372 Gaii
364 3326 381 3375 l.
401 3325 416 3371 2
438 3338 491 3372 rer.
515 3331 581 3388 quot.
684 3323 706 3386 ι)
723 3327 864 3388 complures
881 3326 961 3374 ‘codd
981 3327 1062 3388 inser.

100 3388 218 3506 {25⁰ka
231 3390 289 3504 [ἔρ.
307 3388 342 3450 ef.
358 3405 400 3452 pr.
420 3391 457 3442 tit.
477 3395 568 3440 autem
585 3406 634 3453 pro
652 3394 759 3441 tentum
782 3407 816 3442 aar
839 3393 912 3444 codd.
932 3400 981 3443 uel.
1000 3395 1063 3445 edd.

121 3471 135 3504 c
151 3471 174 3504 r.
194 3471 207 3504 e
263 3471 286 3505 r.
