2500 3890
155 125 218 190 200
412 141 447 175 nn
463 139 586 178 enomere
604 126 787 189 1nn1cr1e1V,
806 127 845 177 18.

156 283 285 354 quaedam
299 280 421 354 capitalia
436 287 516 350 sunt,
532 280 659 351 quaedam
675 296 730 336 non
746 281 877 353 capitalia.
907 278 1027 352 capitalia
1043 276 1108 336 dici·

156 384 231 436 mus,
253 381 321 438 quae
341 365 435 420 ultimo
450 364 581 437 supplicio
597 363 724 420 adficiunt
745 364 784 420 vel
800 380 883 436 aquae
899 372 926 420 et
940 365 1010 437 ignis
1024 365 1108 418 inter·

157 450 273 507 dictione
293 448 333 504 vel
353 448 539 521 deportatione
560 447 599 502 vel
622 447 744 503 metallo:
766 457 854 503 cetera
869 450 960 520 siqua
975 446 1108 502 infamiam

156 535 278 606 irrogant
300 548 359 588 cum
382 532 477 586 damno
499 532 670 603 pecuniario,
691 531 757 588 haec
776 531 881 604 publica
903 531 1011 603 quidem
1034 540 1109 599 sunt,

158 633 212 672 non
228 625 316 672 tamen
331 615 459 688 capitalia.

124 701 140 748 3
220 699 326 755 Publica
337 709 425 753 autem
440 697 534 753 iudicia
550 706 612 753 sunt
628 698 701 754 haec.
731 697 775 753 lea
789 697 853 753 lulia
868 699 1025 770 maiestatis,
1041 713 1110 770 quae

157 784 259 853 ineos,
274 784 320 854 qui
336 791 430 837 contra
440 783 628 854 imperatorem
643 781 684 837 vel
695 797 751 836 rem
769 781 902 854 publicam
913 781 1012 853 aliquid
1023 780 1110 836 moliti

157 875 235 937 sunt,
252 882 329 922 suum
343 867 462 938 vigorem
476 864 603 921 extendit.
633 868 708 921 cuius
724 881 809 936 poena
824 867 923 921 animae
938 866 1109 921 amissionem

124 950 141 999 4
157 952 274 1006 sustinet
294 958 321 1004 et
340 949 467 1004 memoria
486 949 526 1003 rei
545 955 571 1004 et
588 955 778 1020 postmortem
794 949 944 1004 damnatur.
986 947 1052 1003 ltem
1066 948 1110 1003 lex

157 1035 222 1090 lulia
244 1034 276 1088 de
299 1032 436 1089 adulteriis
458 1031 628 1101 coercendis,
656 1048 724 1103 quae
748 1049 803 1086 nou
825 1032 912 1087 solum
935 1041 1110 1087 temeratores

158 1117 304 1174 alienarum
326 1117 478 1189 nuptiarum
501 1114 589 1188 gladio
611 1118 702 1187 punit,
726 1115 773 1170 sed
796 1118 957 1181 chaneos,
982 1117 1110 1188 quicum

159 1201 282 1257 masculis
297 1199 428 1255 infandam
443 1197 579 1254 libidinem
595 1214 719 1254 exercere
740 1199 848 1256 audent.
879 1201 926 1254 sed
941 1199 1032 1254 eadem
1046 1197 1111 1270 lege

158 1284 221 1341 lulia
236 1285 314 1340 ctiam
329 1283 419 1356 stupri·
436 1281 565 1354 flagitium
584 1284 708 1354 punitur,
730 1298 790 1338 cum
811 1284 871 1354 quis
886 1284 945 1337 sine
960 1283 986 1336 vi
1001 1281 1042 1336 vel
1057 1283 1110 1336 vir·

159 1369 248 1443 ginem
276 1367 318 1422 vcl
345 1367 449 1422 viduam
476 1366 590 1421 honeste
620 1368 750 1421 viventem
776 1367 946 1438 stupraverit.
996 1381 1111 1439 poenam

159 1463 246 1508 autem
263 1450 353 1506 eadem
368 1450 410 1506 lex
425 1451 528 1524 irrogat
543 1448 744 1522 peccatoribus,
763 1451 786 1504 si
801 1450 908 1505 honesti
923 1456 1000 1519 sunt,
1022 1447 1110 1521 publi·

159 1537 290 1592 cationem
305 1536 388 1608 partis
403 1532 524 1588 dimidiae
539 1531 686 1602 bonorum,
707 1535 729 1588 si
744 1533 874 1604 humiles,
895 1533 1017 1605 corporis
1033 1548 1110 1588 coer·

127 1619 142 1667 5
160 1621 286 1675 citionem
300 1635 359 1674 cum
374 1617 549 1690 relegatione.
591 1615 657 1671 item
672 1615 714 1670 lex
729 1616 850 1672 Cornelia
864 1616 897 1672 de
912 1617 1026 1687 sicariis,
1043 1631 1113 1688 quae

160 1702 306 1758 homicidas
321 1701 410 1756 ultore
432 1700 504 1754 ierro
519 1700 692 1772 persequitur
706 1700 747 1755 vel
763 1716 826 1770 eos,
849 1702 895 1772 qui
909 1699 1024 1754 hominis
1040 1700 1110 1754 occi·

161 1785 241 1840 dendi
255 1801 334 1840 causa
349 1801 408 1839 cum
424 1782 478 1838 telo
494 1781 635 1838 ambulant.
667 1781 751 1838 telum
765 1791 862 1853 autem,
881 1792 911 1839 ut
923 1781 1002 1838 Gaius
1017 1790 1113 1838 noster

160 1870 187 1924 in
201 1869 420 1940 interpretatione
435 1865 502 1938 legis
517 1864 656 1920 duodecim
669 1859 829 1922 tabularum¹
846 1868 976 1940 scriptum
990 1866 1112 1938 reliquit,

160 1952 242 2025 vulgo
265 1950 370 2023 quidem
392 1949 419 2004 id
441 1948 603 2022 appellatur,
626 1948 698 2021 quod
721 1948 754 2005 ab
775 1966 839 2006 arcu
860 1951 990 2020 mittitur,
1014 1949 1060 2005 sed
1084 1959 1113 2004 et

162 2051 241 2092 omne
262 2033 441 2108 significatur,
470 2032 542 2103 quod
569 2049 647 2088 manu
674 2033 810 2088 cuiusdam
832 2035 963 2090 mittitur:
989 2034 1115 2105 sequitur

162 2136 244 2194 ergo,
260 2125 290 2172 ut
305 2126 332 2174 et
346 2117 413 2190 lapis
429 2125 455 2173 et
469 2116 571 2189 lignum
587 2125 614 2172 et
629 2117 729 2173 serrum
744 2116 796 2172 hoc
810 2119 917 2173 nomine
932 2119 1111 2174 contineatur.

161 2202 317 2273 dictumque
331 2200 362 2255 ah
378 2217 426 2269 eo,
442 2199 515 2274 quod
530 2201 556 2254 in
571 2198 748 2274 longinquum
764 2202 888 2270 mittitur,
904 2217 919 2254 a
935 2199 1031 2256 Graeca
1047 2215 1113 2255 voce

163 2285 323 2359 figuratum,
342 2275 401 2339 dach
422 2288 478 2340 τοῦ
500 2277 602 2354 anteo:
625 2292 651 2339 et
672 2283 739 2338 hanc
758 2282 980 2356 significationem
995 2283 1114 2339 invenire

163 2385 305 2442 possumus
326 2377 353 2423 et
374 2368 400 2423 in
422 2367 521 2424 Graeco
542 2369 662 2423 nomine:
684 2383 743 2422 nam
760 2368 832 2440 quod
853 2383 903 2422 nos
923 2366 1007 2422 telum
1022 2366 1113 2439 appel·

163 2453 265 2521 lamus,
293 2451 332 2505 illi
353 2445 437 2525 βέλος
460 2450 593 2524 appellant
619 2441 677 2506 ἀπὸ
704 2446 755 2505 τοῦ
776 2442 945 2525 βάλλεσθαι
988 2451 1115 2505 ιιλῐηοιιοῑ

164 2552 214 2590 nos
234 2534 399 2606 Xenophon3
421 2550 481 2589 uam
502 2536 539 2588 ita
560 2526 698 2607 scripsita²
725 2529 775 2589 eat
796 2527 831 2588 col
853 2528 923 2608 βέλη
946 2524 1021 2606 ὁμοῦ
1044 2527 1111 2602 tot-

164 2635 242 2692 ρετο,
257 2611 371 2692 λόγχαι,
388 2613 562 2691 τοξεύματα,
578 2607 753 2688 σφενδόναι,
768 2618 895 2674 πλεῖστοι
910 2609 1006 2672 δὲκαὶ
1021 2613 1114 2674 λίθοι.

164 2704 250 2758 sicarii
266 2710 353 2758 autem
370 2701 536 2774 appellantur
556 2719 570 2755 a
591 2703 662 2773 sica,
683 2701 754 2774 quod
776 2699 910 2774 significat
924 2700 1041 2756 ferreum
1057 2701 1114 2756 eul-

164 2795 253 2842 trum:
275 2786 364 2842 eadem
385 2785 445 2863 lege
465 2793 492 2840 et
511 2783 621 2840 venefici
641 2787 726 2857 capite
746 2785 920 2856 damnantur,
943 2785 989 2856 qui
1011 2783 1114 2839 artibus

165 2869 280 2943 odiosis,
303 2877 355 2924 tam
370 2870 477 2924 venenis
499 2861 601 2941 quami
612 2869 728 2924 susurris
750 2869 858 2942 magicis
873 2868 994 2924 homines
1010 2866 1113 2923 occide·

232 3113 253 3179 ¹)
270 3117 303 3164 L.
321 3118 378 3165 233.
398 3117 421 3176 ἓ.
440 3116 463 3164 2.
482 3115 516 3165 D.
533 3116 564 3165 de
582 3114 650 3164 verb.
668 3115 732 3177 cipn.
752 3111 803 3178 (50,
823 3113 875 3172 16).
943 3111 966 3176 ²)
985 3112 1068 3162 Anah.
1088 3115 1113 3172 ὅ,

164 3185 247 3248 214.
349 3178 369 3245 ³)
387 3179 599 3246 tam...quam]
618 3177 787 3234 καλ...καὶ
809 3181 918 3244 Theopla.
943 3179 1113 3233 tam...vel

161 3253 277 3315 plerique
295 3250 367 3302 codd.
385 3257 432 3302 cet.
450 3250 507 3300 edd.
528 3249 600 3298 Salar.
618 3256 643 3297 et
660 3247 709 3302 Kr.
729 3263 809 3313 quam
824 3263 874 3311 pro
892 3246 934 3295 vel
952 3249 1021 3296 multi
1038 3249 1111 3296 codd.

163 3319 238 3380 infer.
261 3315 304 3366 vel
325 3323 408 3365 natam
429 3332 463 3366 ea:
483 3317 570 3379 plocen
595 3317 718 3378 notantia,
745 3332 794 3366 non
816 3323 944 3379 utramque
970 3315 1114 3364 desiderari

163 3386 210 3434 sed
225 3385 274 3433 iam
290 3386 435 3432 alterutram
452 3383 578 3446 sufficere.
