2472 3896
323 190 358 225 on
375 187 502 224 naamon
518 187 695 225 montuosum
713 186 824 224 aoruca
840 174 863 235 1,
883 176 923 227 15.
1063 167 1104 234 23

146 338 238 390 mento
260 330 339 386 datus
355 335 430 384 tutor
444 329 510 398 erit,
531 345 592 384 cum
612 344 722 402 compos
738 330 837 388 mentis
850 338 897 384 aut
911 328 997 384 maior
1011 327 1105 400 viginti

146 415 267 489 quinque
281 414 357 470 annis
372 412 454 468 luerit
469 412 565 469 lactus.

211 497 251 552 Ad
264 505 365 554 certum
377 504 483 570 tempus
500 496 542 553 vei
559 512 591 554 er
608 503 683 552 certo
693 503 816 570 tempore
827 495 869 553 vel
881 494 931 551 sub
946 493 1104 552 condicione
1122 497 1138 546 3

146 582 190 638 vel
206 591 268 638 ante
289 581 396 637 heredis
411 581 609 636 institutionem
624 595 705 651 posse
725 579 782 635 dari
799 588 915 636 tutorem
930 595 985 636 non
1000 576 1103 634 dubita·

147 675 204 722 tur.
235 662 331 722 Certae
346 673 435 720 autem
450 680 490 718 rer
483 662 546 718 rel
563 679 658 720 causae
673 671 750 718 tutor
764 663 820 718 dari
835 680 889 719 nou
904 655 1032 736 potest,¹
1042 661 1103 733 quia
1121 665 1138 712 4

148 765 295 824 personae,
312 764 365 803 non
382 763 475 803 causae
490 746 532 803 vel
546 748 585 802 rei
600 747 688 806 datur.

214 827 260 888 ¹Si
276 834 336 906 quis
347 828 452 887 filiabus
467 832 523 887 suis
538 830 579 888 vel
593 829 654 886 filiis
667 838 771 886 tutores
783 829 898 901 dederit,
914 830 993 885 etiam
1009 836 1103 900 postu·
1122 831 1138 880 ὁ

149 933 208 973 mae
218 915 260 972 vel
271 923 398 988 postumo
408 907 514 970 uidetur
522 913 638 983 dedisse,
654 915 716 987 quia
729 913 776 969 lilii
789 913 830 968 vel
843 912 911 968 liliae
926 912 1104 986 appellatione

148 1009 178 1056 et
192 1007 334 1073 postumus
357 1005 385 1054 et
406 1006 529 1071 postuma
549 999 730 1056 continentur.
776 996 851 1071 quid,
873 998 895 1052 si
910 1004 1023 1068 nepotes
1039 996 1104 1065 sint,

148 1101 183 1138 an
199 1082 377 1157 appellatione
393 1080 509 1138 liliorum
530 1089 558 1138 et
576 1082 641 1157 ipsis
661 1089 767 1138 tutores
789 1081 845 1137 dati
860 1080 941 1137 suntl
963 1077 1104 1134 dicendum

151 1176 203 1237 est,
219 1176 249 1224 ut
264 1167 330 1240 ipsis
346 1181 455 1238 quoque
470 1165 524 1220 dati
539 1165 688 1236 videantur,
703 1165 726 1221 ei
742 1165 822 1222 modo
837 1165 937 1221 liberos
954 1162 1030 1218 dixit.
1062 1175 1105 1218 ce·

153 1260 239 1307 terum
254 1253 278 1305 sl
292 1249 379 1320 lilios,
394 1265 449 1304 non
464 1247 687 1305 continebuntur:
709 1250 788 1304 aliter
802 1249 873 1305 enim
887 1246 946 1320 lilii,
966 1247 1044 1302 aliter
1059 1261 1105 1300 ue·

153 1342 231 1406 potes
246 1331 426 1405 appellantur.
457 1331 536 1404 plane
546 1331 569 1386 si
583 1333 715 1404 postumia
724 1332 839 1404 dederit,
853 1340 909 1387 tam
924 1329 972 1387 filii
986 1329 1107 1403 postumi

149 1430 233 1490 ‘quam
248 1415 332 1472 ceteri
345 1413 422 1470 liberi
437 1413 654 1471 continebuntur.

573 1625 631 1667 mu.
644 1625 694 1666 XV.

286 1711 337 1762 DE
353 1709 532 1761 Lueirrlae
549 1710 801 1762 ADGNATORUM
819 1711 974 1762 TUTELA.

216 1829 337 1902 ²Ouibus
353 1840 442 1888 autem
457 1839 617 1889 testamento
632 1840 709 1888 tutor
719 1833 798 1910 datus
813 1849 866 1888 non
882 1835 928 1904 sit,
944 1833 985 1888 lais
1000 1848 1031 1888 ex
1046 1830 1108 1904 lege
1120 1840 1156 1880 Pr.

152 1918 296 1975 duodecim
316 1916 467 1972 tabularum
483 1915 590 1990 adgnati
611 1926 675 1973 suut
691 1924 806 1987 tutores,
828 1918 874 1990 qui
894 1924 1023 1972 vocantur
1041 1914 1108 1988 legi·

153 2004 221 2059 timi.
252 2001 321 2057 Sunt
336 2008 424 2056 autem
444 1999 552 2074 adgnati
573 2015 622 2073 per
641 2000 724 2055 virilis
744 2016 823 2057 serus
839 2001 1028 2074 cognationem
1043 2014 1107 2054 con·
1126 1994 1140 2042 1

153 2086 247 2155 iuncti,
271 2084 375 2156 quasia
391 2092 467 2156 patre
483 2085 599 2156 cognati,
623 2083 704 2138 veluti
719 2082 803 2139 irater
817 2082 911 2138 eodem
928 2089 1108 2155 patronatus,

155 2169 246 2224 iratris
269 2166 340 2222 lilius
361 2183 480 2238 neposve
500 2183 533 2221 er
549 2183 598 2238 eo,
618 2167 682 2222 item
704 2174 817 2239 patruus
832 2173 859 2220 et
874 2167 962 2239 patrui
977 2163 1049 2221 lilius
1062 2181 1108 2222 ue·

156 2267 239 2326 posve
259 2265 291 2304 ci
309 2265 353 2305 eo.
382 2259 409 2304 at
430 2251 476 2322 qui
495 2265 545 2322 per
564 2248 683 2304 feminini
704 2265 782 2305 sexus
803 2265 932 2323 personas
947 2250 1109 2323 cognatione

156 2337 322 2406 iunguntur,
344 2349 399 2389 non
414 2341 478 2388 sunt
499 2333 619 2405 adgnati,
642 2333 689 2388 sed
706 2333 769 2390 alias
785 2333 922 2389 naturali
914 2349 973 2389 mre
989 2333 1108 2416 cognati.

156 2421 246 2490 itaque
265 2419 358 2472 amitae
378 2425 441 2473 tuae
462 2415 532 2472 lilius
553 2431 607 2472 nou
623 2426 665 2472 est
681 2416 728 2472 tihi
743 2417 891 2492 adgnatus‚
913 2417 961 2474 sed
976 2427 1108 2490 cognatus

156 2493 227 2582 (et
219 2501 332 2556 invicem
352 2501 455 2557 scilicet
474 2509 504 2556 tu
524 2499 562 2556 illi
577 2499 694 2556 eodem
686 2517 744 2556 rure
765 2494 963 2582 coniungens),
987 2504 1047 2575 quia
1063 2502 1109 2575 qui

157 2593 314 2654 nascuntur,
329 2584 424 2657 patris,
439 2601 493 2640 non
505 2585 596 2639 metris
609 2583 730 2640 lamiliam
740 2595 898 2658 sequuntur.
928 2584 1006 2653 Quod
1020 2594 1109 2640 autem
1127 2581 1143 2630 ‘2

147 2670 200 2726 ‘lex
221 2668 253 2724 ab
275 2669 402 2724 intestato
418 2676 495 2724 vocat
517 2667 550 2724 ad
572 2669 683 2724 tutelam
705 2668 846 2744 adgnatos,
869 2686 924 2725 uon
946 2670 1016 2725 hanc
1031 2668 1110 2724 habet

157 2751 390 2826 significationem,
406 2753 430 2806 si
444 2753 552 2808 omnino
568 2768 622 2808 non
638 2751 732 2808 lecerit
748 2761 936 2808 testamentum
950 2754 982 2823 is,
1000 2754 1045 2826 qui
1060 2769 1110 2824 po·

158 2844 227 2892 terat
241 2843 347 2892 tutores
362 2835 436 2906 dare,
451 2835 499 2890 sed
510 2837 533 2891 sl
542 2844 670 2908 quantum
685 2835 717 2892 ad
730 2835 840 2891 tutelam
856 2837 984 2909 pertinet,
1000 2838 1110 2891 intesta-

157 2928 201 2976 tus
216 2919 369 2976 decesserit.
399 2919 471 2990 quod
491 2927 556 2974 tunc
574 2935 683 2993 quoque
702 2919 823 2976 accidere
844 2919 1028 2992 intellegitur,
1050 2935 1110 2976 cum

157 3005 195 3074 is,
217 3005 263 3077 qui
282 3003 360 3058 datus
381 3011 423 3058 cst
445 3009 532 3072 tutor,
554 3004 613 3059 vivo
634 3011 764 3059 testatore
780 3002 934 3062 decesserit.
973 2995 1044 3058 ³Sed
1065 3002 1110 3059 ad·
1129 3000 1144 3048 3

158 3089 292 3160 gnationis
312 3086 420 3160 quidem
439 3086 482 3140 ius
499 3086 620 3142 omatibus
636 3086 722 3143 modis
737 3087 830 3160 capitis
850 3086 1032 3144 deminutione
1053 3086 1110 3161 ple·

158 3215 357 3226 ψ..

226 3297 246 3360 ¹)
263 3321 296 3342 =
313 3301 344 3354 L.
363 3301 386 3350 5.
407 3301 430 3352 6.
445 3300 477 3349 D.
495 3301 527 3350 de
544 3307 641 3350 tesiam.
662 3306 706 3350 tati.
724 3297 779 3360 (26,
797 3299 854 3368 2)
847 3301 1111 3364 compalatii

157 3369 194 3418 ad
209 3365 270 3418 Sat.
355 3365 376 3432 ²)
395 3368 440 3422 Pr
459 3363 482 3424 5.
503 3368 677 3428 1=Gat.1,
698 3369 752 3418 155
774 3369 829 3418 156.
849 3359 879 3418 L
899 3371 922 3418 ’1.
940 3367 974 3420 D.
993 3370 1025 3418 de
1042 3369 1110 3434 [epil

158 3449 216 3498 apa.
235 3441 280 3484 tut.
300 3432 352 3499 (26,
369 3431 405 3498 4).
474 3431 546 3500 8)--
561 3434 615 3486 Gai
635 3437 657 3496 1,
677 3437 725 3486 158
742 3441 800 3484 aaut.
