2500 3890
103 114 163 178 134
250 131 286 166 nn
304 130 464 168 xuunnnrnus
481 127 711 166 computaremus
729 114 779 180 111,
800 117 830 165 ie
848 111 914 180 (20).

100 271 202 326 inutilis
223 279 266 326 est
286 271 439 345 stipulatio,
459 272 482 326 si
505 271 564 342 quis
588 270 619 325 ad
641 287 687 340 ea,
708 285 776 343 quae
790 271 974 342 interrogatus
989 270 1051 338 erit,

100 371 155 410 non
165 355 336 428 respondeat,
350 354 434 410 veluti
451 355 474 410 si
484 354 576 410 decem
592 370 687 410 aureos
702 370 716 408 a
731 361 759 409 te
776 353 834 409 dari
848 353 1004 426 stipuletur,
1020 360 1052 407 tu

100 440 219 512 quinque
234 441 391 511 promittas,
412 438 453 494 vel
473 445 579 494 contra:
601 446 646 494 aut
666 437 689 492 si
703 437 749 493 ille
763 453 831 511 pure
846 437 1004 510 stipuletur,
1021 443 1052 491 tu

99 521 149 577 sub
171 522 327 578 condicione
347 524 504 594 promittas,
524 521 567 576 rel
585 530 692 591 contra,
715 523 737 576 si
752 522 832 577 modo
847 521 950 577 scilicet
963 520 991 576 id
1006 535 1052 575 ex·

99 607 212 678 primas,
234 605 261 660 id
282 615 324 660 est
344 608 366 660 si
389 607 432 661 eui
447 605 497 661 sub
512 605 668 662 condicione
683 604 725 661 vel
739 606 766 660 in
781 604 850 660 diem
866 605 1005 678 stipulanti
1020 611 1053 660 tu

99 689 277 762 respondeas:
291 704 465 746 numanum
478 703 532 745 nnn
547 704 698 749 spontino.
728 705 787 744 nam
803 691 825 744 si
841 689 892 744 hoc
906 687 996 744 solum
1011 704 1053 743 re·

99 773 231 844 spondeas
245 787 415 843 rnouxnno,
429 772 546 829 breviter
559 773 655 828 videris
670 774 696 828 in
712 772 822 828 eandem
837 772 908 828 diem
922 781 968 827 aut
982 788 1048 828 con·

100 854 231 911 dicionem
250 856 441 930 spopondisse:
461 872 512 913 nec
530 857 599 911 euim
620 872 730 912 necesse
751 858 839 912 estin
860 855 1051 929 respondendo

67 947 82 994 6
100 939 190 995 eadem
206 941 294 995 omnia
309 942 408 1014 repeti,
430 957 496 1014 quae
510 939 655 1012 stipulator
667 941 840 1013 expresserit.
870 932 954 996 ¹irem
970 941 1052 995 inuti-

100 1021 132 1078 lis
153 1031 194 1078 est
215 1024 369 1097 stipulatio,
392 1026 415 1080 si
435 1023 467 1079 ab
488 1040 520 1078 eo
541 1023 695 1096 stipuleris,
718 1025 764 1096 qui
784 1025 837 1079 iuri
851 1032 900 1079 tuo
914 1023 1054 1080 subiectus

102 1114 156 1179 est,
179 1107 221 1162 vel
241 1109 263 1162 si
277 1108 301 1162 is
316 1123 330 1162 a
345 1115 372 1162 te
387 1107 541 1180 stipuletur.
585 1107 633 1162 sed
652 1123 745 1162 servus
765 1107 872 1180 quidem
894 1124 948 1162 non
964 1107 1055 1162 solum

102 1189 210 1245 domino
225 1207 276 1246 suo
292 1190 404 1262 obligari
423 1207 478 1246 non
498 1198 605 1264 potest,
628 1191 675 1246 sed
690 1207 724 1246 ne
738 1191 782 1246 alii
797 1191 905 1264 quidem
920 1190 983 1246 ulii:
1005 1189 1054 1246 iiiii

67 1284 162 1332 ivero
186 1273 296 1328 familias
317 1273 374 1330 aliis
397 1273 510 1346 obligari
531 1282 654 1347 possunt.
690 1273 791 1330 llutum
816 1290 903 1348 neque
928 1274 1054 1348 stipulari

100 1371 187 1429 neque
201 1358 359 1430 promittere
374 1373 454 1430 posse
465 1358 551 1431 palam
563 1362 613 1414 est.
646 1358 718 1432 quod
733 1359 801 1413 etin
816 1358 898 1413 surdo
913 1366 1053 1431 receptum

100 1448 158 1496 est:
180 1442 242 1514 quia
257 1448 283 1496 et
297 1441 335 1510 is,
359 1443 403 1513 qui
424 1442 582 1516 stipulatur,
605 1442 683 1497 verba
703 1442 886 1516 promittentis
902 1450 930 1497 et
945 1443 983 1511 is,
1007 1444 1054 1515 qui

100 1526 246 1597 promittit,
267 1525 348 1580 verba
361 1525 514 1599 stipulantis
529 1526 621 1581 audire
637 1525 725 1586 debet.
764 1526 832 1580 unde
848 1533 975 1598 apparet,
997 1542 1054 1582 non

101 1608 135 1663 de
150 1625 181 1665 eo
200 1626 250 1664 nos
265 1608 356 1682 loqui,
378 1611 423 1682 qui
438 1609 539 1665 tardius
555 1609 678 1679 exaudit,
701 1609 748 1665 sed
763 1609 796 1665 de
812 1625 865 1679 eo,
881 1612 927 1681 qui
942 1611 1053 1665 omnino

68 1702 83 1750 8
101 1707 156 1746 nou
172 1692 287 1747 exaudit.
324 1691 452 1748 Furiosus
472 1692 574 1748 nullum
595 1694 734 1766 negotium
751 1708 846 1766 gerere
860 1699 968 1765 potest,
992 1695 1054 1766 quia

69 1785 84 1833 9
102 1791 156 1828 non
172 1774 318 1846 intellegit,
335 1776 399 1847 quid
413 1777 477 1849 agit.
507 1774 628 1848 Pupillus
640 1791 718 1830 omne
730 1778 870 1850 negotium
881 1782 956 1832 recte
966 1779 1054 1850 gerit:

101 1866 132 1911 ut
147 1864 249 1927 tamen,
270 1857 355 1915 sicubi
375 1860 473 1914 tutoris
494 1861 638 1914 auotoritas
658 1861 810 1916 necessaria
824 1861 874 1932 sit,
897 1859 1055 1916 adhibeatur

102 1947 193 2014 tutor,
216 1941 298 1996 veluti
319 1944 341 1998 si
361 1944 419 2016 ipse
435 1941 583 2015 obligetur:
603 1959 664 1998 nam
679 1942 758 1998 alium
774 1942 823 1998 sibi
840 1942 959 2016 obligare
974 1945 1055 1999 etiam

54 2034 85 2082 10
101 2025 159 2080 sine
175 2026 271 2080 tutoris
286 2026 447 2082 auctoritate
461 2035 561 2099 potest.
598 2025 649 2082 Sed
666 2027 739 2100 quod
754 2026 867 2082 diximus
883 2027 916 2083 de
931 2027 1054 2101 pupillis,

101 2110 195 2182 utique
210 2109 242 2164 de
257 2109 298 2164 iris
312 2125 403 2165 rerum
419 2118 475 2180 est,
496 2110 541 2184 qui
563 2111 613 2166 lam
628 2110 742 2184 aliquem
758 2110 924 2166 intellectum
940 2111 1053 2178 habent;
1087 2133 1096 2146 ·

101 2209 163 2248 nam
177 2193 263 2248 inians
287 2197 375 2267 etqui
390 2188 688 2267 infantiae²proximus
704 2202 760 2265 est,
783 2210 836 2249 non
853 2194 964 2249 multum
981 2211 995 2249 a
1010 2194 1054 2252 iu·
1095 2241 1098 2244 .

101 2277 175 2330 rioso
197 2276 311 2348 distant,
332 2279 394 2351 quia
417 2277 497 2333 huius
524 2279 617 2334 aetatis
636 2277 731 2351 pupilli
757 2276 861 2333 nullum
887 2278 1056 2335 intellectum

103 2358 214 2414 habent:
237 2359 283 2414 sed
305 2363 332 2416 in
354 2363 479 2433 proximis
499 2355 645 2417 infantiae²
665 2369 778 2434 propter
797 2361 939 2417 utilitatem
961 2378 1056 2418 eorum

102 2439 245 2515 benignior
259 2444 324 2499 iuris
343 2445 532 2517 interpretatio
549 2445 616 2501 iacta
632 2454 690 2515 est,
713 2453 743 2500 ut
763 2445 834 2500 idem
848 2446 914 2500 iuris
930 2445 1055 2516 habeant,

105 2525 177 2598 quod
198 2524 331 2599 pubertati
350 2528 473 2600 proximi.
502 2528 549 2583 sed
566 2531 610 2601 qui
625 2529 653 2584 in
668 2530 785 2601 parentis
800 2535 934 2601 potestate
950 2537 992 2584 est
1007 2531 1056 2584 im·

55 2622 83 2669 11
104 2609 202 2682 pubes,
225 2627 275 2666 nec
294 2618 404 2666 auctore
424 2611 531 2684 quidem
552 2622 628 2685 patre
650 2610 795 2684 obligatur.
842 2611 869 2666 Si
884 2613 1056 2686 impossibilis

103 2693 225 2752 condicio
246 2693 452 2767 obligationibus
473 2694 616 2766 adiciatur,
638 2695 704 2750 nihii
725 2695 794 2751 valet
814 2696 964 2767 stipulatio.
1007 2697 1057 2751 im·

102 2777 238 2851 possibilis
252 2787 339 2835 autem
355 2778 476 2834 condicio
491 2777 619 2850 babetur,
635 2781 677 2834 cui
689 2787 783 2834 natura
796 2779 987 2852 impedimento
1003 2789 1056 2852 est,

104 2878 157 2934 quo
174 2865 261 2917 minus
277 2863 390 2932 existat,
411 2862 493 2917 veluti
508 2863 530 2916 si
550 2864 609 2934 quis
627 2863 663 2917 ita
679 2862 790 2919 dixerit:
814 2876 844 2918 ει
858 2878 968 2920 memo
985 2879 1057 2920 ona·

104 2962 168 3003 uuu
183 2960 358 3016 aurionno,
378 2961 460 3002 osan
477 2947 633 3004 sporrone?
653 2953 680 3001 at
694 2948 717 3001 si
732 2947 767 3001 ita
782 2946 943 3017 stipuletur,
964 2962 994 3004 ar
1008 2964 1057 3005 nr-

173 3174 192 3237 1)
205 3176 244 3237 ἓξ.
259 3177 274 3225 6
287 3217 293 3229 ,
307 3214 313 3225 .
327 3211 333 3224 .
348 3177 388 3225 10.
398 3175 456 3237 sere
467 3195 501 3216 =
514 3175 569 3226 Gai.
583 3179 608 3238 3,
622 3177 670 3227 104
682 3217 689 3229 .
702 3217 708 3230 .
721 3216 728 3231 ,
743 3177 797 3229 tot.
812 3178 859 3226 109
871 3181 896 3225 et
904 3174 936 3224 L.
951 3178 974 3227 1.
988 3177 1011 3238 §-
1026 3180 1058 3228 ib

103 3246 147 3306 lin.
170 3245 204 3297 D.
227 3245 259 3292 de
281 3243 329 3296 obl.
352 3247 377 3292 et
399 3249 448 3292 aet.
472 3240 528 3306 (44,
548 3241 573 3306 i)
596 3258 631 3293 erc
655 3243 712 3292 dati
733 3246 749 3292 l.
771 3245 786 3292 2
807 3257 860 3292 rer.
883 3250 950 3307 quot.
1036 3242 1058 3306 ²)

106 3309 336 3428 ffigplbafffffii
355 3308 438 3360 Sebol.
456 3309 538 3358 Baeti.
558 3311 602 3374 (ef.
618 3310 729 3374 Theoplt.
747 3311 786 3360 ed.
799 3309 878 3362 Retia.
896 3309 938 3376 ΙΙἸ
955 3326 983 3374 p.
996 3309 1058 3374 940)
