2472 3896
139 227 178 279 IV
531 244 688 280 nnsnrsrro.

202 385 313 441 llultum
328 401 390 440 vero
406 386 433 440 in
449 385 631 441 aestimatione
646 386 800 441 criticorum
815 383 1003 454 subsidiorum,
1021 401 1089 458 quae

139 471 166 524 in
183 478 310 542 promptu
325 477 404 539 sunt,
426 484 440 522 a
461 468 524 523 viris
544 468 596 523 illis
617 468 703 524 doctis
719 468 857 526 dissentio.
893 469 1009 526 Possunt
1024 470 1090 526 haec

140 551 255 608 subsidia
270 555 296 607 in
312 552 365 607 duo
381 568 479 625 genera
494 551 588 607 dividi:
605 552 777 607 occidentalia
793 560 820 608 et
835 553 982 609 orientalia.
1015 553 1089 611 Occi·

140 635 207 691 dens
227 635 306 691 nobis
332 637 402 710 ipsas
427 635 610 690 institutiones
632 633 726 691 Latino
751 652 875 691 sermone
895 638 1007 710 scriptas
1028 654 1089 711 per-

141 718 233 775 multis
254 719 332 775 codd.
353 736 433 774 manu
454 719 561 791 scriptis
581 720 708 792 servavit3
733 720 821 774 oriens
843 722 979 776 versiones
1000 737 1089 776 earum

140 804 288 876 praestitit,
310 819 342 858 er
362 801 458 876 quihus
478 810 565 857 tamen
585 802 642 857 sola
663 802 720 858 iere
734 801 907 876 Theophilum
922 805 1090 878 paraphrasis

142 888 168 942 in
185 903 293 943 censum
310 887 397 954 venit;
412 903 471 940 nam
488 903 556 958 quae
572 894 710 959 praeterea
725 887 751 941 in
767 886 872 942 Graecis
887 887 984 943 litteris
999 898 1090 963 poste-

142 971 222 1025 rioris
239 971 295 1025 aevi
310 986 341 1025 ex
356 971 419 1042 ipsis
435 968 647 1025 institutionibus
663 978 787 1043 excerpta
802 971 935 1040 invenias,
956 981 1000 1026 aut
1015 972 1090 1028 exilia

141 1062 221 1122 sunt,
244 1062 273 1108 ut
300 1053 360 1122 illa,
388 1068 455 1125 quae
483 1055 510 1107 in
532 1052 691 1110 collectione
713 1070 843 1109 canonum
866 1054 935 1128 apud
957 1055 1042 1115 Voell.
1064 1065 1091 1111 ct

140 1136 243 1196 lustcll.
256 1145 320 1192 tom.
342 1136 372 1192 ll.
389 1154 416 1209 p.
442 1135 521 1194 1308
543 1144 571 1192 et
589 1138 616 1192 in
637 1137 735 1210 glossis
755 1138 866 1192 nomicis
880 1138 1022 1211 leguntur,
1045 1148 1091 1196 aut

140 1236 231 1278 revera
252 1236 283 1276 ex
298 1219 440 1293 'lheophili
460 1220 628 1292 paraphrasi,
649 1237 702 1294 qua
723 1227 845 1293 tanquam
862 1221 966 1277 Graecis
981 1221 1089 1278 institu-

141 1303 259 1359 tionibus
280 1302 435 1374 utebantur,
452 1311 557 1375 sumpta
573 1313 652 1374 sunt,
674 1304 747 1360 velut
766 1305 792 1360 in
807 1305 923 1361 Basilicis
939 1321 1087 1379 eorumque

141 1387 262 1460 scholiis,
277 1388 303 1442 in
319 1387 451 1462 Synopsi,
467 1388 495 1443 in
510 1386 721 1462 harmenopulo:
740 1404 806 1461 quac
822 1391 909 1444 omnia
924 1391 1022 1462 igitur,
1037 1391 1087 1444 iam

141 1488 155 1526 a
177 1471 246 1528 Guil.
266 1471 368 1527 Reitzio
393 1473 420 1527 in
441 1471 482 1527 ed.
505 1471 625 1545 Theoph.
640 1480 706 1528 tom.
727 1471 757 1526 ΙΙ.
775 1489 801 1545 p.
818 1472 877 1529 929
894 1489 951 1545 seq.
974 1473 1026 1530 hoc
1047 1489 1090 1528 re·

141 1563 235 1628 spectu
250 1554 377 1625 collecta,
397 1557 481 1628 magis
496 1553 637 1626 Theophili
659 1570 737 1628 quam
757 1557 874 1627 ipsarum
890 1556 1091 1610 institutionum

140 1639 289 1694 recensioni
304 1640 433 1694 inservire
447 1645 584 1710 poterunt.

203 1721 254 1776 lam
278 1723 341 1793 quin
363 1723 390 1776 in
418 1720 526 1775 edendis
547 1718 763 1776 institutionibus
786 1719 994 1776 occidentalibus
1017 1718 1091 1776 libris

142 1815 265 1878 tanquam
280 1797 457 1859 fundamento
468 1803 643 1860 insistendum
663 1805 712 1875 sit,
735 1805 832 1859 nemini
852 1819 967 1875 unquam
983 1803 1091 1858 dublum

141 1889 199 1944 luit.
230 1887 282 1943 Sed
297 1887 330 1942 de
344 1889 468 1942 variantis
483 1888 524 1943 vel
539 1887 602 1942 alias
617 1885 712 1942 dubiae
725 1887 851 1943 lectionis
865 1886 931 1942 locis
942 1887 1090 1958 quaeritur.

142 1974 169 2028 ln
184 1974 224 2028 his
239 1972 360 2044 plerique
376 1973 492 2027 editores
513 1971 703 2043 antiquissimis
725 1970 861 2027 codicibus
876 1970 928 2026 hoc
943 1981 985 2026 cst
1000 1970 1091 2027 schola

142 2057 301 2113 bononiensi
317 2054 496 2110 anterioribus
516 2063 620 2110 tantum
642 2053 759 2110 tribuere
779 2055 884 2124 solent,
906 2063 1034 2126 quantum
1050 2072 1091 2110 me

142 2140 228 2196 iudice
248 2141 345 2196 veritas
372 2155 426 2194 non
445 2140 560 2211 patitur:
580 2137 661 2210 idque
681 2137 785 2194 diverso
812 2147 945 2212 respectu.
973 2138 1090 2196 Primum

142 2225 255 2279 enimsi
278 2224 337 2296 quis
353 2239 410 2278 eam
433 2222 518 2296 legem
541 2224 631 2296 ponit,
656 2239 734 2296 quam
757 2219 912 2295 llruegcrus
935 2222 1091 2280 observasse

142 2306 259 2377 videtur,
282 2315 311 2361 ut
333 2305 365 2362 ad
388 2305 493 2362 codices
514 2307 605 2362 seculo
626 2305 784 2361 duodecimo
805 2305 945 2362 inferiores
967 2316 1089 2380 tanquam

142 2389 313 2448 ‘deteriores'
331 2399 386 2444 tum
406 2398 507 2445 tantum
528 2389 658 2462 refugiat,
680 2389 702 2444 si
724 2391 905 2461 antiquiorum
919 2389 999 2447 lectio
1015 2390 1090 2446 nullo

142 2473 223 2530 modo
237 2473 301 2528 ferri
316 2473 417 2546 possit,
432 2474 454 2527 is
469 2489 523 2528 non
539 2475 604 2528 satis
619 2481 741 2545 reputat,
765 2473 894 2546 primum,
916 2477 1020 2529 etiamsi
1034 2474 1092 2529 sola

141 2559 283 2630 antiquitas
308 2557 477 2628 aestimetur,
497 2556 638 2612 inferiores
657 2555 763 2612 codices
783 2572 815 2612 ex
835 2556 919 2612 multo
934 2558 1091 2629 antiquiori-

142 2643 190 2698 bus
207 2657 283 2714 quam
299 2641 344 2713 qui
359 2638 436 2696 nobis
452 2649 608 2711 supersunt,
623 2656 703 2712 posse
719 2641 850 2714 originem
864 2640 962 2697 ducere
976 2640 1091 2712 indeque

141 2726 305 2796 antiquiores
316 2731 355 2786 ,ct
374 2724 493 2778 saniores
513 2724 642 2779 lectiones
658 2740 794 2795 servasse,
814 2723 908 2779 deinde
924 2723 1033 2779 eandem
1048 2740 1090 2779 ra-

142 2811 256 2877 tionem,
279 2817 391 2880 propter
417 2822 496 2878 quam
524 2805 636 2861 absurda
658 2807 814 2879 antiquioris
836 2807 935 2863 codicis
957 2807 1037 2863 lectio
1060 2823 1091 2864 ex

141 2893 291 2966 posteriore
306 2890 398 2947 codice
413 2891 573 2963 corrigitur,
596 2890 675 2946 etiam
696 2890 800 2961 lacere,
822 2899 852 2945 ut
866 2890 1029 2964 probabilior
1043 2909 1091 2965 po·

142 2976 263 3031 sterioris
292 2974 458 3047 praeferatur
485 2975 570 3046 peiori
598 2975 766 3044 antiquioris.
810 2972 842 3029 Et
864 2990 1014 3048 quanquam
1037 2992 1091 3030 non

141 3075 228 3132 nego,
244 3057 387 3114 cavendum
402 3074 477 3126 esse,
497 3073 530 3111 nc
545 3058 625 3112 ctiam
641 3059 820 3113 correctiones
836 3073 867 3112 ex
883 3059 991 3132 ingenio
1008 3059 1090 3115 iactae

141 3143 301 3215 posterioris
321 3143 390 3210 aevi,
413 3141 455 3196 cui
476 3149 548 3196 tauta
568 3157 627 3196 cum
645 3139 734 3197 studio
751 3150 778 3197 et
795 3157 877 3196 sensu
892 3141 958 3197 recti
973 3142 1092 3198 doctrina

141 3226 271 3298 redierat,
293 3240 344 3297 pro
367 3225 435 3279 veris
456 3223 617 3280 lectionibus
637 3241 668 3280 er
689 3225 848 3296 antiquitate
870 3229 1024 3299 propagatis
1046 3227 1091 3280 ha-

141 3311 263 3380 beantur,
280 3317 366 3364 tamen
382 3308 467 3363 multo
483 3310 569 3364 minus
582 3309 720 3365 ferendum
738 3318 788 3376 est,
803 3309 828 3362 si
842 3307 1009 3365 librariorum
1024 3311 1092 3365 osci·

143 3395 253 3450 tantiam
268 3392 394 3466 quicquid
410 3391 490 3448 libido
510 3395 640 3466 peccarit,
664 3402 691 3448 et
712 3408 861 3465 quanquam
882 3409 912 3448 ea
927 3395 988 3448 vitia
1004 3392 1091 3448 erudi-

141 3488 231 3535 torum
253 3479 370 3534 sermoni
391 3475 526 3533 iustiniani
545 3493 609 3533 aevo
630 3478 680 3532 iam
701 3476 848 3532 inhaesisse
863 3475 971 3550 probari
986 3477 1092 3532 minime
