2472 3896
450 205 485 240 nu
503 203 690 241 censueramus
708 191 730 253 1,
750 192 791 241 23.
1059 187 1101 251 29

145 347 228 403 luerit
241 353 345 419 captus.
382 339 453 402 ¹Sed
468 353 496 402 et
510 347 533 400 si
547 361 634 419 usque
648 344 680 400 ad
696 351 796 401 certam
816 345 1002 402 condicionem
1022 345 1100 402 datus
1117 358 1133 406 2

145 432 181 486 sit
195 437 368 500 testamento,
391 446 474 502 aeque
495 431 592 494 evenit,
615 436 646 485 ut
667 429 770 484 desinat
790 444 851 484 esse
872 436 947 484 tutor
967 429 1100 485 existente

144 514 314 573 condicione.
344 513 428 570 Simili
448 513 529 570 modo
549 511 641 568 finitur
661 512 745 569 tutela
764 521 852 569 morte
864 512 907 568 vel
922 520 1044 568 tutorum
1058 512 1099 568 vel
1118 526 1134 575 3

144 597 319 672 pupillorum.
363 596 416 653 Sed
439 605 466 652 et
488 598 582 671 capitis
604 596 786 652 deminutione
808 597 922 670 tutoris,
951 613 999 670 per
1021 609 1135 669 quam4

144 682 255 739 libertas
270 681 312 738 vel
327 682 419 738 civitas
434 681 491 736 eius
512 680 653 749 amittitur,
676 681 761 736 omnis
783 680 869 736 tutela
883 681 963 754 perit.
993 681 1099 736 minima

143 774 233 822 autem
248 765 342 838 capitis
361 764 547 820 deminutione
561 764 676 834 tutoris,
696 763 779 820 veluti
792 766 815 820 si
830 780 860 820 se
880 765 906 821 in
929 765 1101 838 adoptionem

142 849 264 921 dederit,
291 848 409 921 legitime
431 854 535 904 tantum
557 846 641 904 tutela
662 849 747 921 perit,
772 855 878 904 ceterae
899 865 954 904 non
976 855 1099 922 pereunt.

145 933 198 990 Sed
219 931 316 1006 pupilli
338 940 366 988 et
386 932 505 1005 pupillae
527 932 620 1004 capitis
643 930 807 1003 deminutio,
835 931 897 987 licet
925 932 1030 987 minima
1053 931 1099 1002 sit,

143 1032 237 1073 omnes
257 1015 356 1072 tutelas
375 1016 456 1072 tollit.
486 1015 627 1072 Praeterea
646 1017 694 1088 qui
713 1015 746 1070 ad
766 1024 869 1072 certum
889 1023 995 1088 tempus
1016 1023 1099 1070 testa·
1118 1026 1133 1076 5

145 1109 236 1157 mento
251 1100 349 1155 dantur
363 1107 486 1170 tutores,
507 1097 584 1156 finito
599 1114 649 1172 eo,
671 1098 810 1171 deponunt
824 1098 943 1157 tutelam.
972 1098 1102 1154 Desinunt
1118 1115 1133 1162 5

144 1192 232 1240 autem
248 1199 309 1239 esse
323 1190 445 1256 tutores,
466 1185 512 1254 qui
531 1183 573 1238 vel
592 1190 764 1238 removentur
778 1201 792 1238 a
806 1181 890 1239 tutela
914 1180 948 1237 ob
963 1181 1006 1252 id,
1027 1181 1100 1255 quod

145 1267 266 1340 suspecti
287 1266 335 1321 visi
357 1275 431 1334 sunt,
452 1265 494 1322 vel
515 1281 547 1320 ex
566 1267 637 1321 iusta
657 1281 737 1322 causa
758 1281 818 1322 sese
840 1273 968 1322 excusant
988 1273 1017 1322 et
1031 1281 1100 1322 onus

145 1348 369 1406 administrandae
385 1347 486 1404 tutelae
507 1348 645 1422 deponunt
667 1349 813 1404 secundum
835 1365 876 1423 ea,
899 1365 968 1424 quae
987 1348 1099 1406 inlerius

145 1448 340 1508 proponemus.

543 1642 600 1683 'Hm
612 1642 708 1684 XXIII.¹

455 1729 506 1779 DE
525 1726 786 1778 CURATORIBUS.

206 1850 315 1908 llasc'uli
337 1850 453 1925 puberes
475 1857 503 1906 et
525 1849 638 1906 feminae
659 1850 834 1922 viripotentes
856 1865 943 1924 usque
959 1850 993 1907 ad
1007 1851 1099 1907 vicesi·
1112 1861 1147 1901 Pr.

143 1953 216 1993 mum
231 1937 353 2008 quintum
364 1951 462 1991 anuum
472 1933 637 2007 completum
653 1943 792 1990 curatores
807 1935 957 2007 accipiuut3
974 1935 1020 2007 qul
1034 1934 1098 1990 licet

143 2019 258 2094 puberes
275 2020 338 2088 sint,
361 2018 448 2074 adhue
464 2027 551 2073 tamen
566 2018 645 2072 huius
660 2019 754 2072 aetatis
776 2025 852 2088 sunt,
873 2026 904 2074 ut
919 2019 1028 2090 negotia
1049 2034 1099 2072 sua

143 2105 215 2159 tueri
235 2103 425 2174 nonpossint.
456 2100 557 2156 llantur
578 2107 667 2156 autem
688 2107 826 2156 curatores
847 2098 878 2155 ab
898 2100 994 2155 iisdem
1013 2101 1097 2172 magi·
1117 2120 1130 2165 1

144 2185 289 2256 stratibus,
311 2201 325 2239 a
347 2183 443 2257 quibus
464 2191 493 2239 et
512 2190 629 2242 tutores.
673 2182 721 2238 sed
736 2191 845 2239 curator
861 2190 1020 2240 testamento
1043 2200 1099 2240 non

144 2269 238 2338 datur,
260 2267 308 2324 sed
322 2267 399 2324 datus
421 2266 596 2324 confirmatur
616 2266 726 2322 decreto
747 2268 880 2340 praetoris
895 2266 937 2322 vel
958 2267 1096 2340 praesidis.

143 2353 211 2409 ltem
225 2352 300 2408 iuviti
314 2351 501 2408 adulescentes
521 2357 660 2406 curatores
680 2366 735 2406 uon
755 2352 889 2425 accipiunt
911 2359 1097 2424 praeterquam
1115 2369 1131 2414 2

144 2439 172 2493 in
186 2435 275 2496 litem:
297 2445 405 2492 curator
420 2436 491 2492 enim
511 2441 540 2491 et
554 2434 587 2490 ad
600 2442 700 2490 certam
716 2449 821 2490 causam
836 2435 891 2491 dari
906 2441 1006 2509 potest.
1045 2435 1097 2490 llu-
1115 2452 1131 2500 3

144 2521 210 2577 riosi
232 2535 340 2593 quoque
362 2527 388 2576 et
411 2519 526 2593 prodigi,
550 2518 614 2574 licet
634 2519 748 2574 maiores
770 2519 999 2593 vigintiquinque
1021 2521 1096 2577 annis

143 2606 209 2675 sint,
231 2610 320 2658 tamen
341 2605 368 2657 in
390 2603 529 2661 curatione
552 2609 616 2658 sunt
637 2601 813 2676 adgnatorum
829 2602 935 2676 exlege
956 2602 1097 2660 duodecim

143 2687 305 2745 tabularum.
342 2685 390 2742 sed
411 2687 500 2742 solent
514 2687 614 2742 Romae
628 2685 779 2759 praelectus
799 2685 873 2742 urbis
888 2685 930 2742 vel
944 2697 1054 2759 praetor
1069 2694 1097 2741 et

143 2773 172 2828 in
187 2771 332 2845 provinciis
347 2769 482 2843 praesides
497 2787 530 2826 ex
543 2771 719 2842 inquisitione
734 2770 773 2824 eis
788 2769 849 2825 dare
865 2776 1011 2825 curatores.
1043 2768 1096 2824 Sed
1113 2787 1130 2835 4

142 2864 173 2911 et
186 2857 275 2910 mente
291 2855 376 2927 captis
396 2861 423 2909 et
444 2853 531 2910 surdis
547 2862 576 2910 et
589 2855 669 2909 mutis
686 2860 718 2909 -et
739 2854 785 2924 qui
800 2851 895 2908 morbo
910 2861 1042 2926 perpetuo
1057 2851 1095 2908 la·

142 2938 255 3015 borant,
283 2938 344 3011 quia
365 2936 446 2993 rebus
468 2939 524 2994 suis
553 2953 698 3010 superesse
719 2952 774 2991 uon
796 2945 927 3009 possunt,
955 2943 1095 2994 curatores

142 3022 224 3078 dandi
238 3031 310 3078 sunt.
341 3021 477 3078 Interdum
492 3031 580 3076 autem
596 3029 623 3076 et
637 3018 731 3094 pupilli
747 3027 887 3075 curatores
902 3021 1045 3093 accipiunt,
1065 3029 1095 3076 ut
1113 3040 1129 3088 5

142 3115 207 3181 puta
222 3108 245 3162 si
259 3106 396 3180 legitimus
416 3112 492 3161 tutor
506 3121 561 3161 non
576 3106 612 3160 sit
631 3105 754 3174 idoneus,
776 3104 838 3177 quia
852 3101 961 3160 babenti
976 3112 1095 3160 tutorem

142 3198 219 3246 tutor
234 3190 289 3246 dari
304 3207 358 3248 non
376 3197 477 3264 potest.
513 3191 577 3244 item
598 3190 621 3244 si
639 3194 802 3243 testamento
825 3187 901 3242 datus
921 3196 997 3244 tutor
1018 3187 1060 3244 vel
1081 3205 1096 3244 a

141 3282 265 3348 praetore
286 3273 329 3330 rel
350 3291 364 3330 a
385 3273 507 3348 praeside
521 3272 634 3328 idoneus
649 3288 705 3327 uon
725 3273 760 3327 sit
781 3271 815 3327 ad
837 3270 1094 3329 administrationem

211 3453 230 3518 ¹)
288 3456 320 3506 L.
335 3457 374 3506 14.
394 3451 417 3512 5.
430 3457 454 3507 d.
470 3455 504 3506 Ι).
523 3455 554 3504 de
567 3453 637 3504 intel.
656 3450 747 3517 (26,1)
765 3469 800 3504 erc
819 3453 877 3516 Uip.
895 3455 912 3506 l.
929 3453 962 3504 37
980 3454 1016 3503 ad
1031 3451 1093 3502 Sao.
