2472 3896
534 244 690 283 resumo.
850 211 852 218 Ι
1049 232 1089 283 IX

135 385 256 442 bratione
272 385 405 442 lecimus’.
434 385 464 456 ll,
481 384 538 456 20,
554 385 593 443 36
606 385 651 444 lin.
679 382 843 442 ‘huiusmodi
860 388 929 443 enim
945 394 1089 442 testamen·

136 479 224 526 torum
245 468 434 543 dispositiones
456 469 560 541 valere,
580 478 651 526 secta
667 487 788 526 meorum
803 477 955 544 temporum
971 486 1026 525 non
1042 486 1088 542 pa·

135 552 230 610 titur'.
259 553 295 624 ll,
312 553 367 626 23,
385 553 432 608 12.
464 555 509 608 ‘et
528 570 593 623 nos,
615 554 727 610 eundern
750 555 894 628 principem
911 549 1088 628 (Augustum)

136 653 263 710 superare
276 637 470 694 contendentes
487 679 495 693 .
513 679 518 690 .
536 679 544 694 .
561 639 781 693 constitutionem
797 638 924 707 fecimus,
947 654 994 710 per
1009 652 1088 710 quam

136 719 339 794 disposuimus'.
369 721 424 778 Nec
444 737 485 775 me
506 719 559 776 ialli
581 723 692 794 opinor,
708 738 767 778 cum
783 721 900 777 eiusdem
915 720 1013 775 indolis
1029 736 1088 775 esse

136 804 234 876 iudico,
251 804 323 878 quod
338 807 445 878 saepius
461 805 587 877 sapientia
602 806 772 878 imperatoris
787 815 857 860 tecte
873 804 1011 875 laudatur,
1027 803 1088 860 rudi

136 888 327 962 discipulorum
340 889 449 962 iugenio
464 890 598 961 parcentis
613 888 633 957 Ι,
651 889 678 959 1,
691 887 718 943 2.
734 888 766 958 ΙΙ,
782 887 832 960 20,
847 887 876 944 3.
893 882 949 962 (IV,
964 885 1011 957 18,
1026 881 1088 962 12).

137 971 229 1028 Totius
254 972 334 1027 huius
359 973 465 1045 generis
485 987 539 1027 non
561 971 648 1028 solum
670 973 696 1028 in
717 971 791 1027 libris
812 969 1006 1045 posterioribus
1032 971 1088 1026 iere

137 1056 202 1111 nibil
216 1056 331 1129 legitur,
346 1055 393 1110 sed
409 1057 487 1110 etiarn
503 1071 571 1126 quae
585 1063 648 1110 sunt
662 1057 690 1111 in
703 1054 854 1128 prioribus,
876 1071 908 1110 ea
922 1053 1088 1127 paraphrasis

138 1139 236 1195 Graeca
246 1155 438 1212 nonnunquam
450 1139 481 1194 ad
494 1139 634 1195 sanitatem
646 1155 676 1194 ac
687 1139 844 1194 modestiam
860 1138 976 1211 redegit.
1013 1136 1089 1192 Haud

137 1222 346 1296 longeabsunt,
367 1224 390 1277 si
409 1223 528 1295 linguam
548 1232 668 1295 spectas,
690 1221 844 1278 huiusmodi
864 1217 959 1296 (credo
981 1223 1088 1294 provin·

138 1298 232 1383 nieles)
247 1306 400 1361 soloecismi
415 1304 601 1360 ‘medevimus’
621 1306 658 1375 ll,
674 1305 729 1378 20,
745 1305 794 1363 27.
825 1305 990 1378 ‘praestavit'
1004 1304 1043 1376 ll,
1060 1305 1088 1376 1,

139 1389 186 1446 25.
206 1388 236 1460 7,
251 1388 279 1445 2.
310 1388 357 1458 19,
374 1388 402 1444 6.
431 1387 563 1460 perinde.
580 1387 693 1444 ..acsi'
716 1405 765 1461 pro
789 1388 911 1462 ‘perinde
933 1386 974 1444 nc’
998 1387 1019 1458 Ι,
1039 1387 1089 1460 12,

141 1474 169 1528 1.
190 1470 228 1543 ll,
252 1471 285 1540 1,
308 1471 359 1528 33.
390 1469 444 1542 12,
467 1487 507 1542 pr.
532 1469 587 1541 23,
610 1471 638 1528 6.
675 1471 813 1527 ‘hactenus
842 1473 907 1527 iuris
935 1470 1032 1526 habet'
1056 1471 1089 1542 ll,

140 1554 170 1627 5,
185 1555 214 1612 2.
238 1553 414 1610 ‘libertatibus
429 1553 617 1625 impedientem
632 1563 659 1609 et
674 1554 871 1628 quodammodo
886 1553 1012 1610 invidam'
1030 1597 1037 1611 .
1056 1599 1063 1612 .
1081 1597 1087 1608 .

140 1638 280 1713 ‘impediat
306 1635 439 1694 libertati'
468 1628 567 1714 (igitur
587 1637 667 1694 dativi
690 1638 739 1693 rei
762 1633 912 1714 impeditae)
936 1653 1088 1692 -omnes

138 1721 334 1797 posterioribus
363 1719 437 1778 libris
467 1720 560 1790 alieni3
594 1723 616 1776 si
644 1721 781 1796 ingenium
810 1723 963 1795 scriptoris,
999 1720 1088 1776 adula-

138 1809 189 1874 tio,
227 1823 278 1878 qua
314 1807 394 1862 etiam
425 1803 628 1876 Tribonianum,
667 1805 740 1861 nulla
770 1807 930 1862 necessitate
956 1811 1088 1878 ⁴cogente

138 1891 179 1946 rel
202 1892 273 1946 iusta
300 1891 405 1945 ratione
426 1889 570 1959 suadente,
599 1889 706 1962 quoties
727 1898 833 1963 potest,
856 1882 957 1945 inducit
979 1890 1090 1961 eiusque

139 1976 231 2031 merite
258 1973 378 2042 extollit,
404 1973 478 2029 velut
505 1973 530 2044 1,
553 1971 589 2044 5,
612 1972 640 2029 3.
678 1969 717 2029 ‘et
743 1973 883 2029 dediticios
912 1971 1019 2045 quidem
1041 1989 1090 2045 per

140 2060 358 2115 constitutionem
387 2056 556 2130 expulimus,
588 2072 666 2130 quam
694 2057 921 2130 promulgavimus
949 2057 1019 2110 inter
1041 2072 1090 2110 no·

140 2151 209 2197 stras
235 2140 399 2212 decisiones,
432 2157 480 2213 per
506 2156 589 2210 quas,
620 2149 785 2214 suggerente
812 2139 889 2194 nobis
916 2137 1090 2209 Triboniano,

141 2226 197 2280 viro
225 2224 344 2294 excelso,
374 2208 663 2296 quaestore,'antiqui
689 2225 754 2278 iuris
783 2223 969 2279 altercationes
1003 2221 1089 2294 placa·

140 2309 235 2362 vimus.
278 2304 385 2362 latinos
413 2315 501 2362 antem
595 2306 644 2362 alia
672 2308 863 2362 constitutione
895 2322 944 2379 per
970 2305 1089 2361 eiusdem

140 2391 292 2465 quaestoris
307 2391 509 2463 suggestionem
525 2389 711 2445 correximus'.
741 2389 777 2460 ΙΙ,
794 2389 829 2462 8,
846 2389 873 2446 7.
905 2391 942 2445 ‘in
958 2391 1089 2445 constitu-

140 2477 230 2546 tione,
250 2473 376 2545 quemad
391 2472 580 2529 caesareenses
595 2473 738 2530 advocatos
758 2491 791 2530 en
805 2475 981 2547 suggestione
996 2473 1090 2528 Tribo-

140 2559 225 2626 niani,
245 2558 294 2612 viri
312 2557 527 2627 eminentissimi,
549 2559 698 2630 quaestoris
713 2559 782 2613 sacri
798 2555 888 2630 palatii
903 2558 1005 2627 nostri,
1027 2573 1090 2630 pro·

140 2637 338 2715 mulgavimus'.
373 2639 473 2712 ll,23,
490 2639 538 2696 12.
569 2643 615 2696 ‘en
636 2641 724 2711 iacto,
746 2641 818 2715 quod
841 2640 1028 2710 'lribonianus,
1050 2641 1091 2695 vir

141 2725 284 2795 excelsus,
317 2730 445 2795 quaestor
470 2726 538 2780 sacri
564 2723 653 2798 palatii
680 2726 837 2798 suggessit,
871 2726 1090 2780 constitutionem

140 2810 273 2865 lecimus'.
303 2806 332 2861 ln
346 2808 541 2879 posterioribus
561 2806 635 2863 libris
655 2809 738 2863 inulta
754 2807 860 2881 quidem
875 2823 1004 2862 novarum
1026 2823 1089 2862 eon-

140 2893 312 2949 stitutionum
335 2892 413 2946 etiam
436 2905 467 2945 ex
488 2900 646 2962 quaesturae
669 2890 822 2946 Tribouiani
844 2907 928 2960 anno,
955 2888 1089 2945 interdum

140 2992 249 3050 quoque
264 2973 462 3048 ‘suggerentis'
477 2975 589 3045 mentio,
611 2974 683 3029 velut
698 2974 740 3043 ΙΙΙ,
756 2974 785 3045 2,
802 2975 830 3031 7.
847 2975 876 3044 6,
894 2974 941 3030 10.
969 2973 1016 3028 sed
1033 2983 1090 3028 tan-

140 3069 197 3116 tum
213 3057 429 3125 ‘humanitatis’,
452 3073 585 3129 nunquam
600 3057 761 3114 Triboniani.
791 3057 884 3114 Nonne
906 3057 1017 3129 dixeris,
1041 3074 1090 3112 no-

140 3143 195 3200 bile
206 3140 493 3214 Constantinopolitani
509 3147 536 3196 et
551 3142 601 3198 iam
616 3149 701 3197 aetate
720 3132 795 3220 (cum
812 3142 910 3214 ubique
924 3143 1013 3215 priore
1030 3141 1090 3197 loco

141 3221 310 3304 nominetur)
330 3225 505 3299 provectioris
525 3226 643 3296 magistri
662 3227 799 3299 ingenium
819 3227 870 3280 nisi
890 3226 954 3298 quid
969 3227 1026 3299 ipsa
1047 3241 1091 3280 res

141 3311 261 3366 mandata
276 3309 441 3382 postularet,
457 3315 607 3382 spectasse,
622 3317 714 3364 contra
730 3309 915 3381 provincialem
932 3311 1018 3382 gratia
1033 3309 1090 3364 Tri·

90 3388 93 3393 ”
140 3393 283 3450 bonianiiu
295 3393 387 3448 urbem
398 3395 499 3465 regiam
510 3391 543 3448 ad
553 3391 605 3448 hoc
616 3393 814 3466 opusaccitum,
830 3392 892 3466 quid
899 3393 948 3448 sibi
954 3391 1014 3447 inde
1021 3391 1091 3447 elfici

140 3479 243 3552 possit,
264 3477 408 3533 sollicitum
428 3476 531 3534 luisset
554 3491 603 3532 nec
623 3476 736 3546 frustra,
759 3493 818 3532 cum
834 3476 903 3531 idern
918 3475 992 3531 solus
1015 3485 1090 3530 ante·
