2492 3896
224 218 257 253 ns
274 217 407 252 nsernnrn
424 217 612 254 soanaronurr
631 217 807 255 snccessronn
825 203 875 265 III,
894 204 919 251 2.
993 199 1052 264 107

30 423 31 426 Ἴ
108 357 230 414 bonorum
245 359 446 433 possessionem
462 358 619 431 pollicetnrt
635 375 666 414 er
682 375 732 430 qna
748 368 825 432 parte
838 360 875 414 ita
891 357 993 414 scilicet
1008 356 1054 412 ad·

108 444 250 514 mittuntur,
265 444 286 501 si
303 458 391 515 neque
407 441 538 515 adgnatus
555 441 627 498 nllus
639 458 689 498 nec
703 444 851 515 proximior
866 451 998 515 cognatus
1013 443 1053 496 in·

30 589 31 598 ¹
109 528 237 583 terveuiat.
266 525 299 581 Et
314 526 380 581 haec
392 525 500 599 quidem
512 526 556 581 lex
568 526 707 581 duodecim
723 526 873 583 tabularum
885 525 959 581 nullo
973 524 1053 579 modo
1071 531 1104 579 3e

107 609 261 681 introduxit,
283 609 330 665 sed
346 609 543 682 simplicitatem
564 609 670 683 legibus
691 611 800 665 amicam
816 610 951 682 amplexa,
973 607 1053 664 simili

107 693 178 749 modo
194 710 286 750 omnes
302 693 432 766 adgnatos
448 694 503 749 sive
520 693 653 749 masculos
664 693 718 747 sive
734 693 844 750 laminas
860 694 1054 765 cuiuscumque

106 776 196 848 gradus
211 777 244 832 ad
259 775 460 832 similitudinem
474 793 586 832 suorum
598 777 709 833 invicem
722 777 753 831 ad
764 779 962 833 successionem
976 791 1054 831 voca·

106 859 158 916 hat:
177 861 262 916 media
282 870 371 916 autem
385 860 611 934 iurisprudentia‚
632 877 700 934 quae
716 870 772 916 erat
787 860 849 934 lege
864 860 970 933 quidem
987 859 1054 914 duo·

106 943 182 1000 decim
198 944 348 1001 tabularum
362 945 468 1014 iunior,
485 945 613 1018 imperiali
628 953 717 1000 autem
732 944 908 1017 dispositione
925 944 1054 1013 anterior,

30 1041 32 1056 ·
106 1028 246 1084 subtilitate
262 1028 373 1101 quadam
389 1029 546 1100 excogitata,
563 1028 709 1102 praefatam
725 1027 898 1083 differentiam
913 1025 1055 1082 inducebat

106 1119 129 1166 et
140 1115 246 1185 penitus
262 1129 307 1168 eas
323 1128 337 1166 a
352 1113 523 1167 successione
538 1111 716 1185 adgnatorum
730 1110 892 1186 repellebat,
916 1113 988 1165 omni
1004 1110 1054 1164 alia

30 1251 31 1260 ,
107 1198 269 1252 successione
284 1196 437 1268 incognita,
461 1195 547 1251 donee
561 1205 714 1268 praetores,
736 1195 862 1268 paulatim
883 1195 1054 1268 asperitatem

105 1280 164 1335 iuris
178 1281 264 1336 civilis
280 1279 448 1353 corrigentes
464 1281 530 1349 sive,
546 1280 617 1351 quod
634 1279 720 1350 deest,
736 1280 923 1352 adimplentes,
938 1278 1054 1333 humano

104 1367 238 1436 proposito
253 1364 334 1419 alium
346 1363 465 1418 ordinem
478 1364 534 1416 suis
546 1363 639 1418 edictis
655 1363 815 1418 addiderunt
829 1372 866 1435 et,
882 1363 1054 1435 cognationis

104 1445 165 1502 linea
180 1448 359 1521 prordmitatis
374 1447 480 1502 nonnine
501 1447 670 1518 introducta,
693 1463 740 1519 per
755 1445 887 1502 bonorum
903 1446 1053 1519 possessio·

103 1547 157 1586 nem
170 1548 213 1587 aas
221 1530 381 1587 adiuvabant
392 1541 419 1585 et
431 1529 628 1602 pollicebantur
643 1531 684 1585 his
696 1529 829 1585 bonorum
842 1530 1053 1602 possessionem,

104 1631 166 1685 qnae
179 1615 254 1671 unde
265 1615 374 1688 cognati
385 1614 544 1687 appellatur.
573 1613 627 1669 Nos
643 1630 705 1669 vero
721 1613 807 1686 legem
820 1613 959 1668 duodecim
974 1609 1051 1666 tabu·
1070 1617 1104 1666 3b

103 1696 181 1754 larum
190 1706 338 1770 sequentes
350 1705 378 1753 et
389 1699 446 1752 eius
457 1698 567 1771 vestigia
582 1699 608 1752 in
625 1697 674 1754 lnac
689 1705 765 1770 parte
780 1704 980 1770 conservantes,
997 1695 1054 1750 lau-

103 1781 188 1838 damus
205 1782 314 1855 qnidem
330 1790 467 1854 praetores
488 1797 550 1836 suae
570 1781 758 1852 humanitatis,
782 1798 836 1836 uon
856 1791 943 1836 tamen
966 1796 1013 1836 eos
1028 1781 1055 1834 in

103 1865 205 1938 plenum
219 1881 316 1922 causae
327 1864 426 1920 mederi
439 1866 601 1920 invenimus:
619 1882 701 1938 quare
714 1867 823 1937 etenim,
845 1882 897 1921 uno
908 1865 1056 1938 eodemque

104 1949 183 2021 gradu
204 1949 320 2005 naturali
340 1957 516 2004 concurrente
536 1958 563 2004 et
583 1949 750 2023 adgnationis
771 1950 857 2004 titulis
879 1950 979 2004 tamin
1001 1963 1055 2002 ma-

103 2033 179 2089 sculis
195 2050 275 2106 quam
288 2035 315 2088 in
328 2032 433 2087 leminis
445 2048 528 2104 aequa
544 2032 618 2090 lance
629 2035 794 2102 constitutis,
811 2033 935 2088 masculis
948 2031 1055 2104 quidem

104 2116 213 2173 dabatur
235 2116 267 2171 ad
292 2117 488 2172 successionem
510 2119 601 2172 venire
617 2119 735 2171 omnium
751 2116 943 2189 adgnatorum,
966 2131 998 2169 er
1013 2112 1056 2169 ad·

103 2203 187 2272 gnatis
200 2209 292 2256 autern
304 2199 460 2254 mulieribus
473 2199 554 2254 nullis
567 2202 674 2272 penitus
688 2201 737 2255 nisi
751 2199 802 2254 soli
815 2200 902 2254 sorori
915 2198 946 2253 ad
958 2197 1056 2272 adgna-

30 2319 31 2322 ,
103 2293 189 2340 torum
215 2285 413 2340 successionem
436 2283 543 2357 patebat
565 2283 671 2339 aditus?
700 2284 760 2339 ideo
787 2285 815 2338 in
837 2283 944 2355 plenum
969 2282 1056 2337 omnia

103 2367 260 2425 reducentes
273 2378 300 2423 et
311 2366 344 2422 ad
356 2369 398 2422 ius
411 2357 551 2422 duodecim
564 2366 713 2422 tabularum
729 2367 840 2422 eandem
853 2366 1056 2440 dispositionem

103 2460 290 2525 exaequantes,
305 2461 398 2506 nostra
414 2445 627 2506 constitutione¹
643 2453 792 2523 sanximus,
816 2468 909 2507 omnes
924 2451 1056 2524 legitimas

103 2551 240 2606 personas,
260 2535 285 2590 id
306 2542 348 2590 est
367 2551 416 2607 per
429 2534 532 2589 virilem
547 2551 638 2590 sexum
655 2535 864 2607 descendentes,
884 2537 939 2591 sive
956 2552 1056 2602 mascu-

103 2617 147 2674 lini
159 2623 215 2675 sive
227 2618 346 2674 seminini
361 2619 468 2692 generis
481 2626 554 2688 sunt,
570 2619 649 2676 simili
661 2619 741 2675 modo
756 2620 789 2675 ad
804 2623 861 2676 iura
876 2621 1057 2676 successionis

103 2701 237 2775 legitimae
251 2701 282 2756 alt
297 2704 425 2758 intestato
440 2704 528 2758 vocari
550 2703 696 2759 secundum
717 2704 818 2777 gradus
833 2705 875 2758 sui
890 2703 1056 2776 praerogati-

104 2801 157 2841 vam
169 2803 221 2843 nec
232 2785 292 2841 ideo
305 2785 493 2855 excludendas,
510 2789 571 2859 quia
582 2789 820 2861 consanguinitatis
834 2789 891 2842 iura
902 2788 981 2841 sicuti
993 2801 1055 2858 ger·

103 2885 193 2926 manae
207 2886 263 2925 non
278 2870 386 2926 habent.
417 2869 474 2925 Hoc
485 2873 564 2926 etiam
579 2871 729 2926 addendum
745 2880 852 2926 nostrae
868 2869 1055 2926 constitutioni
1073 2875 1090 2922 4

103 2954 318 3024 existimavimus,
333 2963 364 3010 ut
379 2954 556 3009 transferatur
568 2972 637 3010 unus
656 2954 839 3010 tantummodo
856 2953 954 3026 gradus
970 2967 985 3006 a
998 2952 1056 3006 iure

103 3039 271 3110 cognationis
291 3039 318 3092 in
339 3037 484 3110 legitimam
506 3040 719 3108 successionem,
741 3045 772 3092 ut
793 3053 846 3092 non
863 3037 950 3091 solum
966 3035 1056 3090 fratris

103 3117 171 3176 lilius
185 3129 214 3176 et
227 3119 282 3176 lilia
296 3121 444 3177 secundum
459 3121 531 3192 quod
547 3124 597 3178 iam
612 3120 796 3192 definivimus,
812 3120 844 3176 ad
859 3121 1056 3176 successionem

169 3398 190 3464 ¹)
208 3403 240 3452 L.
260 3404 299 3452 14.
320 3402 347 3456 0.
371 3404 404 3452 de
425 3405 493 3468 legit.
516 3403 602 3452 deved.
623 3399 661 3466 (6,
680 3400 739 3464 58),
762 3403 832 3452 cuine
848 3404 906 3467 ipso
923 3400 1000 3451 aerbo
1017 3401 1058 3450 dic

104 3472 129 3515 et
145 3468 168 3528 ἕ.
185 3470 209 3520 4.
226 3471 377 3526 afferuntur.
