2472 3896
588 159 741 196 mursano.
1115 145 1140 196 V

187 298 289 370 possit,
310 305 434 371 tanquam
454 301 507 355 rari
527 299 680 356 soloecismi
697 300 723 355 in
746 298 846 356 deliciis
866 298 1014 356 habeantur
1032 307 1060 355 et
1076 299 1139 355 reli·

188 383 264 453 giose
279 391 427 438 serventur.

251 464 371 521 Alterum
387 472 445 536 est,
465 467 536 538 quod
554 465 686 522 veteribus
707 464 781 521 libris
803 466 910 521 omnino
932 469 1064 539 etiamque
1078 483 1139 522 cum

188 547 338 621 Theophila
353 551 503 606 commissis
525 550 585 623 plus
606 566 686 622 quam
700 565 749 622 par
763 557 805 604 est
819 551 986 606 auctoritatis
1002 549 1138 607 tribuitur.

188 633 371 704 Antiquissimi
391 649 499 704 eorum,
522 635 544 689 si
564 633 647 689 eriles
667 633 830 689 Veronensis
850 633 976 706 reliquias
992 635 1138 707 exceperis,

187 715 279 771 seculo
294 732 366 772 nono
381 719 480 773 exarati
496 725 568 773 sunt.
603 718 639 772 ht
660 733 725 771 vero
740 732 799 772 eum
817 717 865 772 tria
880 716 923 771 illa
938 726 1001 790 post
1016 718 1138 773 iustinia-

187 815 251 854 num
263 798 377 856 labentia
388 801 478 857 secula
489 802 597 874 proprie
613 802 668 856 sint
678 801 829 873 ingruentis
841 799 968 856 barbariei
984 801 1138 857 exolescen-

121 927 129 946 ,
187 883 276 956 tisque
288 887 412 957 antiquae
426 885 562 940 doctrinae
577 885 739 958 linguaeque
754 885 870 956 vigoris,
885 884 935 939 iam
952 900 980 939 ea
996 884 1028 939 ad
1042 885 1138 959 depra-

187 965 270 1022 vanda
286 968 465 1040 antiquiorum
485 967 635 1024 litterarum
655 975 826 1022 monumenta
840 964 964 1023 sulficere
978 976 1138 1040 potuerunt,

188 1049 261 1123 quod
273 1053 351 1107 etiam
362 1051 453 1108 multis
465 1051 576 1106 aliarum
586 1050 785 1124 disciplinarum
796 1049 870 1106 libris
886 1050 1073 1121 eonhrmatur,
1089 1067 1139 1107 neo

188 1132 312 1190 credibile
340 1145 396 1204 est,
425 1135 625 1191 institutionum
649 1135 771 1207 quitum
800 1134 915 1190 conlecti
937 1144 1000 1190 sunt
1022 1134 1137 1204 codices,

188 1217 275 1272 minus
296 1217 362 1274 labis
383 1235 415 1272 en
434 1219 486 1273 illis
509 1218 624 1274 tenebris
640 1218 817 1286 contraxisse,
840 1233 917 1290 quam
940 1228 1090 1275 ceterorum
1106 1219 1139 1273 ad

188 1301 231 1355 ius
244 1301 430 1372 spectantium
444 1301 589 1376 librorum,
611 1303 684 1358 velut
699 1301 770 1372 Gaii,
792 1301 891 1371 Paulli,
913 1299 1030 1375 Ulpiani,
1053 1301 1138 1358 Colla·

189 1383 271 1437 tionis
290 1384 463 1456 ipsorumque
484 1385 650 1457 Digestorum
673 1386 778 1441 codices
799 1386 840 1441 vel
862 1401 974 1441 coaevos
996 1385 1037 1440 vel
1059 1387 1139 1442 etiam

189 1466 361 1538 antiquiores.
407 1465 475 1533 Quid
493 1466 565 1539 quod
583 1467 621 1524 illi
640 1470 691 1540 ipsi
711 1468 912 1524 lnstitutionum
928 1469 1032 1524 codices
1048 1469 1138 1524 multis

188 1549 255 1605 loeis
271 1552 368 1623 apertis
388 1551 458 1606 vitiis
479 1545 633 1628 scatent,*)
649 1568 716 1625 quae
731 1568 791 1608 cum
806 1570 860 1608 non
875 1561 990 1625 negant,
1013 1554 1058 1624 qui
1074 1553 1139 1608 alio·

189 1634 235 1706 qui
257 1637 322 1689 tanti
346 1650 392 1690 eos
414 1633 529 1705 iaciunt,
553 1636 661 1691 eosdem
681 1637 760 1693 etiam
780 1635 902 1692 confiteri
925 1644 1049 1709 oportet,
1072 1636 1138 1692 alios

187 1734 299 1790 quoque
320 1717 395 1774 locos
417 1719 444 1773 in
467 1720 627 1792 suspicionis
650 1721 862 1776 communionem
884 1719 954 1775 trabi
976 1727 1003 1776 et
1025 1722 1048 1775 si
1069 1721 1138 1776 lusta

187 1817 264 1858 causa
279 1803 330 1873 sit,
345 1803 538 1858 correctionem
552 1804 611 1858 iure
626 1803 721 1858 merito
738 1802 885 1861 admittere.

249 1884 292 1941 Sic
303 1887 437 1941 reiicimur
447 1885 479 1940 ad
488 1887 677 1958 antiquiorem,
687 1897 717 1942 ut
728 1889 765 1942 ita
776 1887 872 1958 dicam,
887 1893 975 1942 textus
987 1886 1138 1956 historiam,

186 1968 275 2042 ibique
290 1968 431 2041 'lheopbili
445 1971 531 2025 versio
548 1986 602 2025 non
617 1978 710 2042 potest
724 1986 785 2026 non·
797 1972 824 2026 in
844 1973 959 2044 primum
974 1972 1139 2026 auctoritatis

186 2051 275 2108 locum
290 2053 375 2108 evehi.
405 2052 478 2108 Licet
493 2054 562 2108 enim
578 2054 636 2109 eius
652 2069 759 2126 quoqne
779 2052 840 2109 libri
857 2070 918 2114 mss.
934 2055 1032 2126 passim
1048 2053 1137 2109 vitiosi

188 2136 242 2190 sint
253 2135 366 2190 necdum
378 2152 418 2205 ea,
432 2152 499 2208 qnae
507 2137 566 2191 iure
577 2136 745 2192 desideratur
757 2137 904 2211 diligentia,
917 2138 1039 2210 requisiti
1051 2146 1077 2193 et
1093 2153 1137 2192 ex-

187 2218 300 2290 plorati,
322 2226 411 2274 ‘tamen
432 2221 581 2274 sententiae
601 2219 687 2275 alieno
708 2235 831 2276 sermone
847 2236 989 2294 expressae
1004 2237 1058 2276 non
1073 2222 1137 2276 item

188 2309 218 2356 ut
232 2300 311 2357 verba
326 2319 339 2356 a
353 2301 469 2358 librariis
488 2311 637 2374 potuerunt
652 2305 796 2376 corrumpi.
834 2304 930 2359 Verum
945 2313 1032 2360 tamen
1048 2312 1079 2359 ut
1093 2304 1139 2360 illa

187 2386 245 2458 ipsa
267 2387 410 2441 auctoritas
432 2394 506 2442 reete
528 2387 699 2456 aestimetur,
726 2391 753 2443 in
776 2388 905 2444 rationem
928 2390 1076 2444 accuratius
1097 2389 1138 2442 in-

188 2470 295 2542 quirere
311 2485 378 2541 opus
399 2476 455 2540 est,
478 2486 545 2541 quae
561 2469 737 2543 Theophilum
754 2473 865 2543 eiusque
881 2472 1053 2545 paraphrasin
1068 2474 1139 2526 inter

187 2561 215 2608 ct
228 2552 429 2608 Institutionum
445 2554 667 2625 compositionem
681 2555 832 2612 intercedit.

249 2635 373 2706 Plerique
388 2635 467 2692 bodie
481 2638 655 2710 paraphrasin
670 2639 821 2694 existimant
835 2639 975 2695 lastiniani
990 2639 1138 2695 lnstitutio·

187 2735 249 2775 num
265 2719 466 2793 explicationem
481 2721 581 2792 luisse,
597 2738 675 2793 quam
689 2731 862 2796 posteaquam
878 2739 924 2778 eae
938 2724 966 2777 in
982 2723 1138 2778 Gaianarum

186 2802 276 2860 locum
299 2812 499 2875 successerant,
529 2821 576 2861 ore
599 2805 721 2862 tradente
742 2804 891 2879 Theophila
914 2806 1020 2861 auditor
1041 2806 1137 2880 aliquis

253 3064 277 3131 ‘)
297 3065 425 3130 Exempla
448 3067 472 3117 si
494 3069 615 3132 quaeris,
642 3067 711 3118 dabo
736 3072 841 3118 lantum
863 3069 1006 3132 eiusmodi,
1028 3072 1057 3119 in
1080 3071 1137 3135 qui-

186 3133 235 3182 bus
254 3149 343 3183 omnes
361 3138 464 3184 veteres
482 3149 498 3183 a
514 3149 579 3184 vero
599 3135 739 3186 aberrasse
762 3137 791 3185 in
810 3135 934 3186 confesso
952 3141 1000 3186 est.
1035 3137 1138 3186 Evolve

186 3201 210 3250 si
226 3199 315 3266 placet
336 3201 376 3254 eol.
400 3201 602 3266 Kruegerianae
626 3203 652 3266 Ι,
671 3205 700 3266 8,
719 3205 743 3256 2,
763 3206 807 3266 10,
831 3204 854 3256 5.
879 3206 918 3253 13.
942 3206 986 3264 13,
1012 3207 1035 3254 3.
1054 3206 1095 3265 22,
1115 3206 1138 3252 6.

185 3269 227 3330 23,
246 3270 269 3317 3.
288 3269 329 3330 26,
348 3270 372 3318 6.
391 3268 428 3330 ΙΙ,
448 3271 470 3330 1,
488 3271 512 3321 4,
533 3269 572 3318 14,
592 3271 632 3322 23.
650 3271 690 3319 29.
709 3271 750 3320 34.
770 3272 797 3330 5,
816 3273 838 3320 3.
858 3272 887 3333 9,
906 3272 930 3319 6.
952 3273 991 3333 11,
1011 3273 1034 3320 1.
1052 3272 1076 3320 6.
1097 3272 1137 3332 16,

185 3337 209 3385 3.
228 3336 268 3396 19,
286 3336 310 3387 6.
329 3337 370 3396 20,
389 3337 412 3387 8.
435 3337 474 3384 17.
492 3334 543 3393 ΙΙΙ,
557 3337 579 3395 1,
594 3336 631 3384 14.
646 3337 671 3397 4,
690 3351 729 3399 pr.
742 3339 767 3399 6,
786 3335 884 3394 fimll,
905 3339 928 3391 1.
947 3338 970 3386 5.
991 3339 1031 3400 15,
1050 3339 1074 3391 i.
1091 3335 1137 3398 IV,

186 3403 210 3464 1,
228 3405 252 3452 3.
270 3403 294 3450 4.
313 3403 339 3463 4,
358 3403 380 3450 1.
399 3403 423 3464 6,
442 3404 480 3452 19.
499 3403 539 3451 26.
557 3403 582 3462 9,
600 3417 639 3466 pr.
660 3405 700 3464 10,
719 3419 757 3467 pr.
778 3405 860 3465 12,1.
881 3405 919 3460 18,
940 3405 963 3452 6.
