2500 3890
470 185 506 220 nn
525 184 686 221 nerronrsue
705 172 751 234 IV,
770 173 794 222 6.
1053 170 1114 233 169

222 323 343 380 Omnium
359 326 504 396 actionum,
520 325 617 397 quibus
632 327 703 382 inter
717 326 823 398 aliquos
839 325 910 398 apud
925 325 1024 381 iudices
1040 324 1110 381 arhi-
1131 326 1144 372 1

160 419 250 465 trosve
264 409 297 463 de
313 425 364 482 qua
379 403 426 464 re¹
443 412 595 481 quaeritur,
612 426 714 465 summu
729 409 822 465 divisio
838 411 865 464 in
881 409 935 465 duo
951 425 1048 481 genera
1064 409 1110 466 de·

158 493 276 548 ducitur:
296 501 342 547 aut
357 494 427 548 enlm
442 495 470 548 in
485 508 542 548 rem
563 502 628 548 suut
643 503 688 548 aut
703 495 730 548 in
745 510 896 566 personam.
925 509 1040 565 numque
1056 495 1113 566 agit

158 577 345 649 unusquisque
360 584 407 631 ant
423 593 482 632 oum
498 591 541 645 eo,
558 579 604 648 qui
619 579 643 632 ei
659 576 794 649 obligatus
809 587 851 632 est
865 577 906 633 vel
922 593 954 632 ex
969 584 1112 633 contractu

158 660 199 716 vel
214 677 246 715 es
262 659 402 726 maleficio,
418 676 473 732 quo
487 675 551 715 casu
565 661 688 732 proditae
702 661 821 716 actiones
838 663 865 716 in
881 677 1022 733 personam
1037 669 1112 731 sunt,

157 760 206 818 per
220 760 287 815 quas
301 742 425 808 intendit,
441 743 619 799 adversarium
635 745 659 800 ei
674 745 736 800 dare
751 737 854 800 iacere²
870 752 996 817 oportere
1012 753 1039 800 et
1054 744 1112 800 aliis

158 827 318 901 quibusdam
333 826 434 882 modis:
450 837 496 882 aut
511 844 570 882 cum
585 845 617 883 eo
630 830 694 901 agit,
711 828 757 901 qui
773 826 848 882 nullo
864 828 922 882 iure
938 829 962 882 ei
977 827 1112 901 obligatus

158 921 215 981 est,
230 920 321 967 movet
337 919 423 966 tamen
439 911 516 967 alicui
537 911 570 966 de
585 911 670 982 aliqua
685 927 715 966 re
730 913 948 970 controversiam.
978 927 1033 982 quo
1049 928 1112 967 casu

157 995 280 1069 proditae
295 996 452 1050 actionesin
464 1005 604 1051 remeunt.
634 995 716 1051 veluti
732 997 755 1050 si
771 1011 827 1050 rem
843 994 1009 1068 corporalem
1025 996 1112 1066 possi·

158 1079 220 1135 deat
234 1081 306 1150 quis,
321 1094 400 1151 quam
416 1078 502 1134 l’itius
517 1095 591 1134 suam
607 1095 666 1134 esse
681 1077 811 1148 affirmet,
827 1087 855 1134 et
869 1094 1012 1152 possessor
1026 1077 1110 1132 domi·

158 1180 221 1219 num
238 1179 268 1217 se
283 1179 343 1217 esse
358 1161 440 1218 dieat:
464 1178 524 1217 nam
544 1164 566 1218 si
583 1162 668 1218 l'itius
685 1179 760 1218 suam
776 1178 835 1217 esse
856 1163 992 1231 intendat,
1013 1163 1040 1217 in
1055 1177 1111 1216 rem

158 1249 228 1302 aetio
245 1254 296 1301 est.
331 1246 424 1316 deque
445 1247 467 1300 si
488 1254 565 1319 agat,
586 1247 628 1301 ius
649 1246 700 1302 sibi
720 1263 779 1301 esse
798 1263 844 1315 rc,
865 1239 969 1302 lundo³
983 1245 1055 1301 lorte
1070 1244 1146 1301 velt

158 1329 283 1398 aedibus,
306 1329 505 1385 utendilruendi
526 1329 568 1385 vel
590 1347 640 1402 per
661 1328 773 1384 fundum
795 1331 873 1386 vicini
897 1328 991 1398 eundi,
1014 1329 1111 1402 agendi

157 1413 200 1469 vel
215 1430 248 1468 ex
263 1412 347 1469 lundo
363 1415 440 1468 vicini
456 1429 550 1484 aquam
566 1413 697 1482 ducendi,
711 1415 739 1467 in
754 1429 810 1467 rem
826 1414 895 1468 actio
911 1421 963 1468 est.
993 1411 1111 1468 eiusdem

158 1499 266 1572 generis
279 1504 320 1552 est
332 1498 402 1552 actio
415 1496 448 1551 de
459 1499 517 1552 iure
532 1498 700 1569 praediorum
718 1495 890 1565 urbanorum,
906 1495 989 1551 veluti
1000 1495 1023 1550 si
1039 1503 1110 1568 agat,

157 1583 200 1636 ius
214 1580 265 1636 sibi
281 1596 341 1636 esse
355 1580 435 1635 altius
455 1582 534 1636 aedes
550 1596 613 1635 suas
628 1580 739 1635 tollendi
754 1579 968 1653 prospiciendive
983 1577 1025 1634 vel
1039 1581 1111 1650 proi·

158 1665 245 1722 ciendi
257 1663 357 1736 aliquid
369 1663 411 1719 vel
422 1663 581 1719 immittendi
597 1664 625 1719 in
636 1665 715 1719 vicini
727 1664 816 1719 aedes.
846 1671 941 1720 contra
955 1679 1064 1734 quoque
1078 1662 1112 1718 de

158 1749 301 1805 usuiruetu
312 1757 338 1802 et
350 1747 383 1803 de
398 1746 573 1803 servitutibus
585 1748 753 1820 praediorum
770 1749 943 1816 rusticorum,
960 1749 1023 1802 item
1035 1763 1113 1820 prae·

159 1833 264 1889 diorum
277 1831 438 1887 urbanorum
454 1833 566 1887 invicem
581 1825 710 1905 quoque4
723 1831 845 1905 proditae
860 1841 923 1887 sunt
939 1833 1068 1900 actiones,
1082 1838 1113 1886 ut

158 1919 218 1989 quis
239 1915 375 1984 intendat,
395 1917 437 1971 ius
456 1932 512 1970 non
532 1932 592 1971 esse
612 1916 764 1971 adversario
785 1914 1000 1984 utendilruendi,
1022 1915 1112 1983 eundi,

159 2001 256 2074 agendi
278 2016 405 2071 aquamve
425 1999 556 2068 ducendi,
578 2001 642 2054 item
667 1999 747 2055 altius
774 1997 900 2068 tollendi,
922 1997 1112 2070 prospiciendi,

159 2083 321 2159 proiciendi,
336 2083 507 2138 immittendi:
523 2083 589 2137 istae
604 2098 713 2152 quoqne
728 2083 848 2136 actiones
863 2082 890 2136 in
905 2097 960 2136 rem
976 2089 1050 2149 sunt,
1065 2080 1112 2136 sed

159 2169 309 2241 negativae.
332 2166 405 2238 quod
418 2183 504 2239 genus
516 2167 629 2221 aetionis
645 2167 671 2220 in
684 2165 874 2221 controuersiis
886 2180 974 2219 rerum
986 2178 1112 2238 corpora·

158 2252 223 2308 lium
240 2250 376 2324 proditum
391 2267 445 2305 non
462 2258 518 2305 est:
539 2265 599 2304 nam
620 2251 646 2304 in
662 2249 703 2303 his
718 2249 741 2302 is
755 2250 827 2320 agit,
847 2249 892 2319 qui
907 2263 962 2302 non
976 2248 1111 2320 possidet:

158 2338 277 2404 civero,
293 2336 340 2407 qui
355 2333 491 2406 possidet,
506 2349 561 2388 non
577 2340 619 2387 est
632 2334 702 2387 aetio
717 2333 838 2404 prodita,
862 2348 910 2404 per
925 2348 1002 2403 quam
1019 2341 1111 2406 neget,

157 2436 215 2475 rem
230 2411 361 2474 alterius⁵
376 2434 444 2473 esse.
475 2433 538 2472 sane
554 2433 608 2472 uno
628 2431 692 2471 casu
707 2417 752 2487 qul
768 2415 902 2488 possidet,
923 2416 1007 2471 nihilo
1023 2420 1111 2472 minus

159 2505 256 2560 actoris
273 2511 363 2575 partes
379 2503 493 2575 optinet,
509 2502 579 2556 sient
594 2503 621 2556 in
636 2499 776 2555 latioribus
791 2499 957 2574 digestorum
972 2499 1046 2555 libris
1063 2517 1111 2574 op·

159 2588 302 2661 portunius
317 2584 463 2659 apparebit.

221 2669 273 2727 Sed
287 2671 354 2725 istae
374 2667 480 2740 quidem
496 2669 631 2737 actiones,
653 2682 765 2738 quarum
781 2668 943 2722 mentionem
959 2665 1109 2736 habuimus,
1127 2668 1143 2716 3

159 2756 223 2810 etsi
239 2769 306 2826 quae
322 2762 385 2809 sunt
399 2752 511 2821 similes,
526 2767 558 2806 ex
573 2751 700 2824 legitimis
716 2760 743 2805 et
758 2750 878 2805 civilibus
896 2751 983 2804 causis
998 2749 1110 2806 descen-

226 3032 246 3095 1)
265 3048 320 3099 que
338 3047 366 3081 re
383 3034 483 3095 scripsi.
497 3036 580 3088 ’τινος
602 3025 768 3095 πράγματος
790 3029 901 3093 Theopd.
920 3043 1072 3095 quoquere
1091 3031 1112 3080 0

159 3104 197 3151 ed.
217 3101 266 3155 Kr,
286 3114 339 3164 quo
356 3098 381 3147 B
403 3113 571 3163 quacumque
588 3113 618 3147 re
635 3099 660 3146 P
680 3100 720 3151 ed.
738 3097 812 3146 Sodr.
898 3094 919 3156 ²)
937 3095 1000 3144 dere
1018 3095 1109 3146 facere

158 3169 182 3217 Ε
212 3168 321 3228 Tdeopd,
344 3174 369 3216 et
393 3169 509 3230 plerique
530 3167 606 3229 infer.
629 3166 702 3215 codd.
730 3166 770 3214 ed.
794 3162 867 3212 Scltr.
890 3162 953 3212 dore
976 3168 1025 3212 aut
1046 3163 1110 3212 dare

158 3235 245 3285 faeere
267 3233 321 3282 Bo
341 3236 379 3284 ed.
404 3233 471 3282 ΚΜ
494 3249 633 3297 quanquam
655 3234 713 3295 ipsa
738 3246 768 3280 re
795 3237 877 3290 recte,
904 3238 985 3279 tamen
1011 3245 1046 3279 eac
1070 3234 1107 3279 in·

159 3304 335 3366 terpotac'one.
360 3301 394 3361 ef.
414 3301 436 3360 5.
458 3303 496 3350 15.
573 3297 594 3357 ³)
613 3313 653 3361 re,
670 3297 752 3347 fundo
770 3299 871 3361 scripsi.
890 3297 923 3345 de
941 3296 1024 3346 fundo
1042 3299 1111 3346 multi

157 3371 229 3424 codd.
247 3367 329 3418 fundo
347 3369 436 3428 ceteri,
455 3368 513 3416 edd.
575 3364 596 3428 ⁴]
613 3367 693 3415 malim
705 3379 779 3428 quae.
839 3363 860 3428 6)
879 3363 992 3414 alterius
1008 3367 1110 3430 scripsi.

160 3435 247 3487 τοῦδε
269 3435 378 3499 Theoplt.
397 3434 499 3484 actoris
517 3435 591 3483 codd.
609 3434 657 3482 ed·
668 3433 717 3482 Kr.
738 3433 857 3482 auctoris
875 3434 915 3486 ed.
933 3430 1007 3482 Solu.
