2492 3896
323 148 357 181 nn
376 147 553 183 successione
571 148 744 184 nonannoeane
760 133 811 194 111,
830 136 844 184 7
862 132 908 198 (8).
1034 132 1093 196 117

144 288 180 342 ita
195 286 301 342 demum
321 287 365 343 lex
386 286 525 343 duodecim
541 285 688 343 tabularum
707 287 740 342 ad
755 287 930 344 hereditatem
944 286 1033 343 liberti
1048 305 1094 344 ro·

145 369 220 426 cahat
235 379 391 444 patronum,
407 373 430 427 si
439 373 582 427 intestatus
593 379 714 427 mortuus
728 380 799 427 esset
810 371 938 442 libertus,
955 371 1030 427 nullo
1043 388 1093 428 suo

144 454 244 509 herede
258 455 363 510 relicto.
393 457 483 527 itaque
503 455 630 510 intestato
651 470 758 527 quoque
778 463 885 511 mortuo
900 455 1012 526 liberto,
1033 456 1056 510 si
1071 456 1093 510 is

143 554 220 593 suum
237 537 362 593 heredem
376 538 539 611 reliquisset,
554 538 619 593 nihil
634 536 750 593 inbonis
766 540 823 594 eius
839 547 954 612 patrono
968 541 1010 594 ius
1026 547 1092 596 erat.

143 629 169 676 ct
191 623 215 676 si
239 621 346 694 quidem
374 639 406 678 ex
432 620 594 676 naturalibus
621 620 711 678 liberis
733 621 846 694 aliquem
868 639 946 678 suum
967 621 1093 678 heredem

142 704 313 778 reliquisset,
336 705 409 760 nulla
433 704 572 761 videbatur
593 705 716 778 querela:
739 707 762 760 si
782 722 846 762 vero
868 706 1007 779 adoptivus
1023 704 1093 761 filius

143 797 229 865 esset,
246 798 339 862 aperte
353 790 474 862 iniquum
489 797 560 859 erat,
577 789 643 844 nihil
657 789 722 843 iuris
737 796 850 862 patrono
866 806 1017 861 superesse.
1038 788 1092 856 Qua
1111 789 1124 837 1

142 872 173 928 de
189 889 271 929 causa
287 880 381 946 postea
396 874 527 946 praetoris
547 873 634 928 edicto
656 874 721 929 haec
735 873 801 928 iuris
817 873 941 945 iniquitas
957 873 1093 929 emendata

141 963 191 1016 est.
232 958 289 1011 sive
311 957 380 1011 euim
402 955 514 1012 faciebat
536 964 724 1012 testamentum
746 956 874 1028 libertus,
896 955 1036 1011 iubebatur
1057 959 1094 1012 ita

141 1041 251 1109 testari,
275 1047 306 1094 ut
326 1048 439 1112 patrono
459 1048 561 1112 partem
582 1039 713 1095 dimidiam
733 1040 865 1097 bonorum
885 1056 996 1094 suorum
1010 1040 1093 1095 relin-

141 1133 254 1196 queret:
278 1130 305 1179 et
326 1125 348 1178 si
369 1131 415 1178 aut
435 1123 501 1178 nihil
522 1124 676 1178 autminus
698 1125 780 1196 partis
802 1123 922 1179 dimidiae
938 1123 1093 1195 reliquerat,

141 1206 255 1263 debatur
274 1213 388 1279 patrono
408 1215 500 1264 contra
521 1206 624 1262 tabulas
645 1207 795 1263 testamenti
811 1209 894 1279 partis
909 1207 1031 1262 dimidiae
1045 1206 1093 1263 bo-

140 1307 240 1346 norum
255 1292 402 1363 possessio.
439 1291 546 1346 sivero
568 1292 712 1346 intestatus
734 1289 908 1361 moriebatur,
931 1307 980 1346 suo
995 1291 1093 1347 herede

140 1374 239 1430 relicto
255 1371 310 1429 filio
326 1373 461 1446 adoptivo,
478 1373 590 1429 dabatur
600 1389 683 1446 aeque
694 1382 808 1446 patrono
824 1383 916 1430 contra
932 1374 1003 1430 hunc
1015 1391 1094 1430 suum

141 1457 270 1513 heredem
286 1459 368 1528 partis
389 1456 513 1512 dimidiae
533 1457 665 1512 bonorum
680 1459 826 1530 possessio.
863 1457 991 1530 prodesse
1005 1466 1093 1513 autem

140 1539 241 1597 liberto
253 1539 375 1596 solebant
386 1541 418 1596 ad
432 1540 625 1597 excludendum
636 1549 776 1612 patronum
789 1540 925 1597 naturales
936 1539 1024 1610 liberi,
1040 1557 1094 1596 non

141 1624 230 1680 solum
254 1640 324 1696 quos
345 1625 373 1678 in
394 1632 529 1697 potestate
551 1625 645 1679 mortis
660 1633 782 1697 tempore
798 1623 924 1695 habebat,
946 1623 993 1679 sed
1015 1625 1093 1679 etiam

141 1709 302 1780 emancipati
319 1716 346 1764 et
360 1708 387 1762 in
403 1707 572 1780 adoptionem
588 1707 658 1778 dati,
678 1709 700 1763 si
716 1708 795 1763 modo
811 1707 944 1780 exaliqua
959 1715 1033 1780 parte
1048 1709 1095 1763 be·

141 1791 219 1847 redes
235 1793 327 1864 scripti
348 1799 422 1846 erant
443 1799 488 1846 aut
508 1793 644 1864 praeteriti
659 1799 750 1846 contra
768 1791 869 1846 tabulas
884 1791 1017 1847 bonorum
1032 1809 1095 1865 pos·

141 1877 290 1930 sessionem
306 1890 338 1929 ex
352 1874 602 1947 edictopetierant:
625 1892 686 1930 nam
700 1875 852 1931 exheredati
866 1875 941 1930 nullo
957 1875 1036 1931 modo
1052 1892 1094 1931 re·

140 1957 277 2030 pellebant
304 1966 456 2031 patronum.
500 1957 596 2014 Postea
624 1958 685 2032 lege
711 1958 790 2031 Papia
818 1959 926 2014 adaucta
950 1967 1013 2013 suut
1035 1958 1126 2014 iurat

139 2050 334 2114 patronorum,
355 2043 401 2114 qui
416 2041 607 2114 locupletiores
623 2042 734 2097 libertos
749 2041 888 2097 habebant.
931 2050 1037 2097 cautum
1053 2050 1095 2097 est

141 2127 228 2194 enim,
250 2132 282 2180 ut
304 2141 335 2180 ex
351 2125 429 2180 bonis
445 2126 518 2196 eius,
539 2126 585 2198 qui
606 2127 791 2181 sestertiorum
808 2133 915 2180 centum
935 2125 1036 2180 milium
1050 2142 1095 2198 pa-

142 2210 298 2264 trimonium
320 2208 458 2282 reliquerit
479 2217 505 2263 et
525 2210 663 2282 pauciores
686 2224 763 2280 quam
784 2216 839 2263 tres
858 2207 957 2263 liberos
972 2208 1093 2276 habebat,

142 2293 197 2348 sive
220 2295 243 2347 is
267 2300 428 2347 testamento
451 2292 538 2363 iacto,
562 2293 617 2348 sive
638 2294 765 2347 intestato
781 2300 902 2347 mortuus
918 2300 990 2361 erat,
1012 2292 1094 2348 virilis

141 2391 203 2448 pars
219 2383 334 2449 patrono
350 2369 517 2432 deberetur.¹
546 2377 637 2448 itaque
652 2391 712 2432 eum
727 2392 808 2430 unum
824 2374 906 2431 lilium
921 2375 1033 2432 filiamve
1048 2377 1095 2432 he·

141 2459 232 2515 nedem
248 2459 389 2532 reliquerit
403 2459 533 2531 libertus,
554 2460 665 2533 perinde
687 2475 747 2532 pars
763 2459 868 2515 dimidia
883 2469 998 2533 patrono
1014 2460 1094 2518 debe-

140 2541 238 2615 batur,
261 2544 336 2598 acsi
358 2544 380 2598 is
404 2545 462 2598 sine
484 2544 540 2599 ullo
563 2543 617 2599 lilio
640 2541 725 2599 filiave
747 2543 921 2601 decessisset:
944 2560 1004 2601 cum
1027 2545 1094 2601 duos

141 2626 241 2682 duasve
263 2626 375 2682 heredes
397 2626 553 2700 reliquerat,
578 2629 654 2683 tertia
669 2643 731 2701 pars
753 2626 900 2684 debehatur
920 2636 1048 2701 patrono:
1071 2629 1095 2684 si

142 2717 197 2766 tres
210 2710 364 2783 reliquerat,
379 2709 560 2783 repellebatur
571 2719 709 2784 patronus.
737 2711 789 2767 Sed
808 2720 898 2767 nostra
910 2704 1094 2782 constitutio,²
1111 2711 1127 2758 3

142 2811 222 2865 quam
243 2811 293 2868 pro
314 2794 431 2849 omnium
453 2797 564 2851 notione
584 2795 683 2853 Graeca
699 2795 803 2868 lingua,
824 2794 1014 2866 compendioso
1039 2802 1092 2849 tra-

141 2887 214 2933 ctatu
229 2877 337 2953 habito,
353 2880 569 2951 composuimus,
585 2880 621 2934 ita
635 2877 789 2934 huiusmodi
805 2893 897 2933 causas
913 2876 1046 2944 delinivit,
1063 2887 1093 2934 ut

100 3007 104 3016 .
141 2961 286 3034 siquidem
307 2960 418 3016 libertus
439 2962 481 3017 vel
501 2962 595 3017 liberta
616 2963 733 3018 minores
749 2961 906 3018 centenariis
922 2961 989 3026 siut,
1010 2960 1094 3016 idest
1169 2978 1171 2984 ·

141 3047 229 3100 miuus
242 3053 347 3100 centum
361 3048 448 3100 aureis
460 3044 574 3101 habeant
586 3045 759 3101 substantiam
771 3037 826 3120 (sic
838 3046 907 3099 enim
919 3043 986 3117 legis
998 3044 1094 3118 Papiae

141 3145 269 3185 summam
285 3130 454 3203 interpretati
465 3145 568 3200 sumus,
583 3137 614 3184 ut
629 3146 679 3202 pro
691 3128 753 3184 mile
764 3129 894 3184 sestertiis
906 3145 976 3183 unus
996 3145 1092 3184 aureus

208 3323 228 3390 ¹)
248 3325 392 3376 debebatur
409 3328 483 3377 codd.
503 3327 560 3376 edd.
581 3325 653 3375 Sebr.
672 3332 698 3374 et
714 3325 763 3373 Kr.
841 3323 862 3388 ²)
880 3326 912 3374 b.
931 3327 956 3376 4.
978 3325 1005 3375 0.
1024 3327 1055 3376 de
1073 3327 1091 3375 i.

139 3401 239 3458 patron.
259 3392 294 3456 (6,
312 3391 348 3458 4).
