2500 3890
354 171 493 209 nnsorrun
511 172 617 209 unsrun
633 173 694 208 essu
710 172 825 208 nisinun
841 158 889 223 IV,
908 161 931 209 7.
1060 154 1116 219 181

164 312 320 369 introducta
336 319 377 369 est
391 313 460 368 actio
477 313 509 367 de
523 313 629 386 peculio
645 312 731 384 deque
746 329 795 383 eo,
818 312 891 385 quod
906 315 933 368 in
948 329 1003 368 rem
1019 312 1119 368 domini

165 413 274 452 versum
289 397 358 465 erit,
373 404 418 466 ut,
442 398 559 468 quamvis
576 399 634 452 sine
648 396 787 452 voluntate
802 394 904 453 domini
918 397 1057 468 negotium
1073 411 1120 470 ge·

165 489 237 537 stum
254 481 316 552 erit,
332 489 421 536 tamen
432 481 487 535 sive
501 480 566 552 quid
576 482 603 535 in
615 497 672 535 rem
687 481 744 536 eius
759 497 867 536 versum
882 480 973 550 inerit,
989 480 1015 535 id
1030 486 1120 535 totum

165 572 304 638 praestare
319 563 429 630 debeat,
445 565 500 619 sive
515 563 579 636 quid
594 580 648 619 non
663 565 698 618 sit
712 566 739 619 in
754 580 810 619 rem
827 566 884 619 eius
899 580 1021 634 versum,
1036 563 1061 618 id
1077 579 1119 618 ea·

166 655 246 704 tenus
268 655 408 720 praestare
429 645 538 713 debeat,
563 655 694 720 quatenus
717 647 851 721 peculium
872 649 983 722 patitur.
1013 648 1041 703 In
1063 663 1118 702 rem
1131 645 1159 692 4¹

166 740 255 787 autem
271 730 372 786 domini
386 747 494 786 versum
508 731 690 804 intellegitur,
710 730 840 804 quidquid
855 732 1007 787 necessario
1022 733 1049 785 in
1064 747 1120 786 rem

167 817 224 871 eins
239 814 401 889 impenderit
420 831 529 884 servus,
552 814 635 870 veluti
656 816 679 869 si
694 822 831 870 mutuatus
851 817 989 888 pecuniam
1004 814 1121 870 credito·

165 899 241 955 ribus
257 900 314 954 eins
329 891 470 968 εοΙνειίῑ,1
493 908 540 954 ent
554 895 671 954 aedificia
686 900 790 954 ruentia
805 897 925 968 fulserit,
948 907 993 953 aut
1007 898 1120 953 familiae

166 982 332 1038 frumentum
346 983 455 1053 emerit,
476 981 516 1037 vei
533 983 611 1037 etiam
626 982 738 1038 fundum
752 990 799 1037 ant
813 981 959 1054 quamlibet
972 982 1049 1036 aiianr
1063 998 1120 1036 rein

167 1067 344 1123 necessariam
365 1074 497 1121 mercatus
517 1067 579 1122 erit.
615 1065 707 1139 itaque
721 1067 744 1120 si
760 1082 790 1122 ex
806 1066 897 1122 decem
913 1073 1007 1138 utputa
1022 1067 1120 1135 aureis,
1129 1061 1158 1112 4¹²

168 1167 236 1223 quos
251 1165 346 1204 servus
362 1158 424 1204 tuus
446 1166 459 1203 a
476 1149 546 1204 Titio
562 1158 672 1206 mutuos
692 1150 808 1223 accepit,
830 1149 958 1205 creditori
974 1157 1021 1204 tuo
1044 1149 1121 1220 quin·

167 1250 220 1308 que
235 1249 332 1289 aureos
348 1232 470 1303 solverit,
485 1232 604 1306 reliquos
615 1249 679 1289 vero
694 1236 813 1307 quinque
828 1233 949 1307 quolibet
963 1232 1043 1288 modo
1059 1248 1122 1288 con·

168 1317 327 1391 sumpserit,
343 1332 392 1389 pro
408 1318 526 1389 quinque
538 1316 645 1390 quidem
660 1318 687 1372 in
701 1316 816 1372 solidum
832 1316 949 1372 damnari
964 1316 1055 1385 debes,
1071 1331 1121 1390 pro

168 1402 268 1458 ceteris
283 1417 347 1456 vero
363 1401 480 1473 quinque
496 1408 621 1470 eatenus,
638 1409 769 1473 quatenus
784 1402 811 1455 in
824 1401 932 1474 peculio
948 1402 998 1456 sit:
1020 1415 1121 1472 eiquo

170 1485 272 1542 scilicet
289 1492 410 1556 apparet,
426 1485 448 1538 si
463 1484 514 1538 toti
530 1483 621 1538 decem
637 1485 710 1540 aurei
725 1486 753 1539 in
767 1499 824 1538 rem
839 1493 912 1539 tuam
927 1483 997 1540 versi
1011 1482 1122 1554 fuerint,

170 1577 245 1625 totos
261 1568 352 1623 decem
365 1582 462 1622 aureos
474 1567 572 1621 Titium
586 1569 715 1640 consequi
730 1583 819 1640 posse.
849 1567 913 1623 lieet
928 1568 998 1623 enim
1014 1582 1066 1621 una
1081 1575 1124 1622 est

169 1653 254 1722 actio,
279 1667 330 1723 qua
349 1650 383 1705 de
398 1649 504 1723 peculio
520 1649 608 1723 deque
622 1667 671 1722 eo,
694 1651 765 1724 quod
788 1651 815 1706 in
830 1667 886 1707 rem
901 1650 1001 1706 domini
1015 1666 1122 1706 versum

169 1738 220 1806 sit,
236 1734 344 1810 agitur,
361 1743 448 1790 tamen
462 1734 528 1789 duas
543 1733 623 1790 habet
638 1735 883 1792 condemnationes.
926 1737 1018 1807 itaque
1032 1733 1123 1805 iudex,

169 1819 239 1892 apud
256 1835 335 1891 quem
351 1834 381 1873 ea
396 1811 520 1874 actione²
535 1819 638 1892 egitur,
655 1827 716 1874 ente
731 1820 861 1892 dispicere
875 1819 960 1887 solet,
977 1835 1009 1874 an
1024 1819 1051 1873 iu
1066 1835 1123 1873 rem

170 1903 270 1959 domini
285 1918 389 1957 versum
406 1902 454 1966 sit,
475 1917 525 1957 nec
540 1902 617 1958 aliter
632 1903 661 1957 ad
678 1901 777 1975 peculii
791 1904 1000 1958 aestimationem
1017 1903 1122 1971 transit,

170 2003 249 2059 quarn
271 1987 295 2040 si
314 1994 361 2040 aut
381 1985 448 2040 nihii
462 1987 490 2040 in
513 2001 568 2040 rem
583 1986 684 2041 domini
698 2002 805 2040 versum
821 1986 993 2059 intellegatur
1008 1994 1122 2041 autnon

170 2079 267 2127 toturn.
305 2068 370 2124 Cum
391 2077 480 2124 eutem
500 2070 654 2141 quaeritur,
678 2078 807 2141 quantum
828 2071 855 2124 iu
870 2069 974 2141 peculio
990 2069 1040 2138 sit,
1061 2067 1159 2124 ante4⁰

171 2153 329 2224 deducitur,
345 2151 474 2226 quidquid
489 2167 582 2206 servus
597 2152 706 2207 domino
722 2153 798 2225 quive
813 2154 841 2207 in
856 2159 989 2225 potestate
1005 2152 1062 2207 eius
1077 2154 1123 2221 sit,

174 2237 269 2308 debet,
291 2244 319 2292 et
334 2235 406 2308 quod
422 2246 562 2308 superest,
577 2235 604 2290 id
620 2235 706 2290 solum
721 2235 856 2308 peculium
871 2234 1046 2308 intellegitur.
1076 2235 1124 2290 ali-

171 2321 277 2395 quando
293 2329 382 2375 tamen
397 2319 439 2390 id,
461 2318 533 2391 quod
555 2320 579 2374 ei
594 2318 674 2376 debet
693 2336 802 2389 servus,
824 2320 911 2392 quiin
926 2326 1060 2393 potestate
1076 2319 1125 2374 do-

170 2408 236 2461 mini
252 2405 303 2474 sit,
319 2419 375 2459 non
389 2403 530 2459 deducitur
545 2419 576 2458 ex
592 2403 714 2477 peculio,
734 2403 816 2459 veluti
829 2405 851 2459 si
866 2405 888 2458 is
903 2404 930 2458 in
945 2404 1025 2459 huius
1040 2405 1124 2477 ipsius

170 2488 279 2564 peculio
295 2489 339 2543 sit.
369 2487 441 2560 quod
458 2503 490 2542 eo
505 2488 640 2560 pertinet,
662 2494 706 2552 ut,
728 2489 752 2542 si
773 2487 836 2560 quid
852 2488 949 2544 vicario
965 2504 1015 2544 suo
1031 2504 1124 2542 servus

173 2572 284 2642 debeat,
301 2572 327 2626 id
343 2587 374 2626 eu
388 2570 493 2644 peculio
510 2571 567 2625 eius
582 2587 637 2626 non
652 2570 808 2626 deducatur.

236 2649 378 2711 ³Geterum
393 2652 502 2709 dubium
517 2670 571 2709 non
587 2664 644 2724 est,
659 2654 725 2728 quin
740 2657 763 2710 is
778 2671 902 2728 quoque,
925 2656 970 2726 qui
986 2655 1062 2709 iussu
1076 2654 1123 2709 do·
1142 2653 1157 2702 ὅ

172 2741 237 2796 mini
249 2738 413 2796 contraxerit
424 2740 520 2810 cuique
532 2738 665 2794 institoria
678 2738 720 2794 vei
737 2740 892 2795 exercitoria
905 2739 974 2793 actio
986 2739 1122 2810 competit,

172 2824 205 2880 de
221 2823 326 2897 peculio
348 2822 435 2895 deque
455 2838 504 2892 eo,
525 2821 598 2895 qnod
617 2824 645 2876 in
660 2838 716 2877 rem
731 2821 831 2876 domini
846 2838 952 2877 versum
968 2829 1022 2886 est,
1045 2837 1125 2892 agere

171 2909 275 2983 possit:
296 2906 344 2961 sed
360 2907 411 2961 erit
426 2905 619 2976 stultissimus,
641 2907 664 2961 si
681 2907 777 2961 omissa
793 2906 913 2970 actione,
936 2921 987 2977 qua
1003 2903 1125 2960 facillime

173 2992 289 3048 solidum
306 3006 337 3046 er
353 2997 493 3045 contractu
508 2991 637 3061 consequi
651 2991 755 3063 possit,
775 3005 805 3044 se
820 2988 852 3044 ad
867 2987 1050 3043 difficultatem
1066 3003 1126 3060 per·

173 3076 253 3131 ducat
268 3073 409 3148 probandi,
424 3075 451 3128 iu
464 3089 522 3128 rem
533 3072 634 3129 domini
645 3089 751 3130 versum
767 3089 835 3143 esse,
850 3073 892 3128 vei
906 3071 1005 3128 habere
1019 3088 1125 3126 servum

172 3206 372 3215 ...—-——-—

241 3287 261 3354 ¹)
280 3289 339 3340 eins
359 3287 469 3338 solverit
487 3285 512 3334 B
533 3286 642 3350 Theoph.
661 3300 718 3334 earn
737 3300 758 3340 s,
781 3286 860 3336 W⁸E
879 3284 938 3333 eius
956 3298 1016 3333 eom
1033 3299 1054 3332 s.
1071 3283 1108 3332 W
1112 3281 1124 3316 ¹¹

173 3360 214 3410 ed.
233 3357 307 3408 Schr.
375 3353 395 3421 ²)
413 3357 482 3404 multi
498 3355 573 3404 codd.
587 3355 664 3414 inser.
681 3353 713 3402 de
733 3368 766 3402 ea
783 3353 891 3401 notione
909 3353 983 3404 codd.
1001 3357 1049 3403 oet.
1068 3352 1125 3405 edd.

173 3425 247 3479 Scir.
267 3432 293 3475 et
309 3424 358 3475 Kr.
427 3421 448 3485 ³)
466 3422 506 3482 ἓξ.
526 3423 550 3472 5.
569 3422 596 3471 6¹
611 3421 668 3482 fere
686 3441 719 3461 =
739 3421 793 3474 Gai.
810 3422 835 3479 4,
855 3422 893 3470 74.
