2492 3896
107 191 149 254 94
250 209 286 243 nn
304 207 576 244 nrnnreouurssnnnrs
592 207 812 244 nnanrnarrnus
828 193 866 252 11,
884 196 925 248 23.

107 348 196 405 batur.
226 363 294 420 quae
309 349 412 420 species
428 347 510 421 legati
522 350 630 420 partitio
642 348 796 417 vocabatur,
810 349 871 420 quia
886 363 945 402 cum
960 347 1064 403 herede

106 432 252 505 legatarius
269 431 434 504 partiebatur
450 432 634 487 hereditatem.
666 432 735 486 unde
750 447 818 504 quae
834 430 957 487 solebant
971 433 1061 504 stipu-

107 514 220 571 lationes
236 516 306 569 inter
320 515 444 570 heredem
457 524 484 571 et
495 515 649 588 partiarium
665 515 823 589 legatarium
838 516 985 587 interponi,
1000 530 1061 570 eae·

107 598 164 653 dem
181 598 423 672 interponebantur
442 599 513 655 inter
529 615 600 672 eum,
623 600 669 673 qui
690 615 721 654 er
736 597 941 654 fideicommisso
957 598 1063 671 recepit

107 681 294 755 hereditatem,
309 691 337 737 et
347 681 483 751 heredem,
498 682 524 738 id
539 690 581 738 est
594 692 624 737 ut
637 686 666 738 et
679 681 785 739 lucrum
800 691 827 737 et
842 682 966 737 damnum
982 682 1062 737 here·

74 770 89 820 6
107 764 231 820 ditarium
247 781 296 838 pro
307 774 364 821 rata
375 773 450 838 parte
461 767 532 822 inter
543 781 590 821 eos
602 782 742 822 commune
752 767 797 822 sit.
826 764 897 838 Ergo
913 766 935 820 si
951 764 1062 837 quidem

106 864 161 903 non
185 848 245 923 plus
268 865 345 922 quam
367 849 522 905 dodrantem
543 849 700 904 hereditatis
721 851 836 923 scriptus
852 849 930 904 heres
946 857 1061 922 rogatus

107 933 143 987 sit
157 934 316 1002 restituere,
336 942 401 988 tunc
416 949 447 988 ex
462 931 629 988 Trebelliano
650 933 883 988 senatusconsulto
898 930 1062 987 restitueba-

106 1022 152 1071 tur
173 1016 308 1072 hereditas
330 1018 406 1072 etin
428 1025 572 1088 utrumque
594 1017 712 1072 actiones
733 1015 907 1072 hereditariae
929 1031 978 1087 pro
1001 1025 1062 1070 rata

105 1107 182 1173 parte
197 1100 340 1155 dabantur:
359 1101 386 1154 in
406 1099 531 1154 heredem
553 1099 658 1170 quidem
678 1101 737 1154 iure
758 1099 843 1169 civili,
864 1099 891 1154 in
906 1115 966 1154 eum
983 1115 1061 1169 vero,

107 1183 151 1256 qui
167 1181 312 1255 recipiebat
324 1182 510 1252 hereditatem,
526 1198 557 1237 er
568 1181 977 1238 senatusconsultoTrebelliano
992 1192 1060 1237 tam·

106 1281 184 1338 quam
200 1268 227 1321 in
243 1266 376 1321 heredem.
405 1275 432 1320 at
446 1268 468 1321 si
484 1266 544 1339 plus
560 1283 637 1339 quam
649 1265 805 1322 dodrantem
820 1265 862 1320 vel
877 1267 956 1321 etiam
973 1273 1060 1320 totam

106 1349 281 1405 hereditatem
300 1351 442 1406 restituere
463 1356 574 1421 rogatus
589 1351 641 1419 sit,
656 1349 732 1405 locus
748 1357 804 1405 erat
818 1349 963 1421 Pegasiano
978 1365 1060 1404 sena-

105 1434 294 1504 tusconsulto,
310 1442 336 1489 et
352 1434 444 1504 heres,
460 1435 504 1506 qui
519 1434 601 1489 semel
615 1433 709 1490 adierit
723 1433 915 1502 hereditatem,
939 1431 1060 1488 simodo

106 1533 153 1571 sua
169 1517 306 1573 voluntate
320 1517 430 1587 adierit,
450 1517 505 1572 sive
520 1519 662 1573 retinuerit
683 1525 803 1589 quartam
820 1525 920 1589 partem
936 1517 992 1570 sive
1007 1532 1060 1572 no·

105 1599 186 1656 luerit
200 1603 332 1670 retinere,
347 1603 404 1673 ipse
426 1602 547 1656 universa
563 1601 811 1656 onerabereditaria
826 1600 983 1656 sustinebat.
1009 1599 1059 1654 sed

106 1691 199 1756 quarta
216 1685 321 1757 quidem
337 1692 454 1756 retenta,
474 1685 549 1755 quasi
570 1685 653 1756 partis
669 1692 697 1739 et
711 1701 761 1757 pro
776 1694 853 1756 parte
868 1683 1059 1754 stipulationes

104 1767 344 1840 interponebantur
357 1775 491 1838 tamquam
507 1768 577 1821 inter
591 1768 747 1838 partiarium
762 1766 921 1838 legatarium
937 1776 963 1821 et
979 1767 1059 1822 here·

105 1848 177 1904 dem:
193 1852 294 1904 sivero
311 1856 393 1904 totam
409 1849 582 1904 hereditatem
596 1851 761 1921 restituerit,
777 1859 880 1922 emptae
895 1856 924 1904 et
937 1849 1060 1905 venditae

104 1931 259 1989 hereditatis
274 1932 461 2005 stipulationes
481 1933 729 2006 interponebantur.
773 1933 820 1988 sed
835 1935 858 1988 si
871 1941 977 1988 recuset
992 1935 1059 1988 scri·

104 2025 167 2089 ptus
187 2018 264 2073 heres
284 2017 356 2072 adire
374 2016 550 2072 hereditatem
565 2016 599 2072 ob
613 2016 655 2086 id,
671 2016 743 2090 quod
759 2016 846 2086 dicat,
862 2033 918 2072 eam
940 2016 989 2073 sibi
1009 2033 1057 2072 su-

104 2111 221 2174 spectam
237 2117 296 2157 esse
310 2102 387 2173 quasi
401 2100 571 2171 damnosam,
591 2103 700 2156 cavetur
713 2101 860 2174 Pegasiano
882 2109 1058 2156 senatuscon-

105 2186 193 2257 sulto,
217 2193 248 2241 ut
270 2185 438 2240 desiderante
460 2200 506 2255 eo,
530 2184 573 2239 cui
595 2186 738 2240 restituere
760 2191 872 2256 rogatus
894 2192 951 2253 est,
980 2185 1059 2238 iussu

105 2271 237 2340 praetoris
259 2269 336 2324 adeat
357 2276 384 2323 et
406 2269 530 2324 restituat
551 2267 725 2324 hereditatem
747 2267 911 2339 perindeque
933 2268 956 2322 ei
979 2274 1006 2322 et
1028 2268 1057 2321 in

105 2367 174 2420 euru,
192 2353 237 2422 qui
252 2353 347 2423 recipit
362 2351 545 2420 hereditatem,
562 2353 680 2406 actiones
696 2351 803 2418 dentur,
818 2352 872 2406 acsi
887 2351 951 2405 iuris
967 2357 1008 2405 est
1024 2367 1057 2406 ex

105 2435 274 2489 Trebelliano
295 2433 547 2490 senatusconsulto:
576 2450 629 2506 quo
652 2451 715 2489 casu
737 2433 818 2489 nullis
840 2432 1059 2506 stipulationibus

105 2533 174 2590 opus
189 2526 245 2586 est,
267 2518 329 2590 quia
343 2517 422 2572 simul
438 2524 465 2572 et
479 2516 556 2588 huic,
578 2519 623 2588 qui
637 2518 772 2587 restituit,
793 2516 1014 2572 securitasdatur
1029 2526 1059 2572 et

105 2603 224 2656 actiones
245 2599 421 2656 hereditariae
442 2602 466 2654 ei
487 2608 515 2654 et
534 2601 561 2654 in
581 2615 641 2654 euru
657 2599 871 2670 transferuntur,
894 2602 940 2672 qui
960 2601 1060 2673 recipit

105 2684 296 2756 hereditatem,
319 2692 435 2754 utroque
456 2683 691 2738 senatusconsulto
713 2685 741 2738 in
762 2683 811 2738 hac
833 2685 921 2756 specie
943 2699 1058 2739 concur·

73 2777 191 2828 trente.
228 2767 280 2823 Sed
302 2769 362 2840 quia
385 2766 570 2838 stipulationes
599 2783 631 2821 er
653 2767 887 2822 senatusconsulto
909 2767 1058 2840 Pegasiano

104 2852 298 2908 descendentes
310 2860 337 2906 et
348 2850 399 2924 ipsi
412 2851 565 2922 antiquitati
577 2848 770 2922 displicuerunt
782 2858 808 2906 et
821 2850 977 2922 quibusdam
990 2851 1058 2906 casi-

104 2936 154 2991 bus
170 2937 303 3010 captiosas
324 2951 367 2990 eas
388 2934 469 2988 homo
493 2931 590 2989 excelsi
609 2934 710 3006 ingenii
724 2933 883 3005 Papinianus
898 2934 1014 3006 appellat
1030 2942 1060 2988 et

104 3019 181 3075 nobis
197 3022 223 3074 in
238 3017 343 3092 legibus
358 3019 443 3090 magis
459 3016 612 3089 simplicitas
628 3033 706 3089 quam
722 3014 865 3072 difficultas
880 3017 979 3090 placet,
995 3017 1057 3074 ideo

104 3103 227 3158 omnibus
247 3101 325 3157 nobis
346 3102 484 3174 suggestis
506 3109 558 3154 tam
573 3099 790 3155 similitudinibus
805 3116 883 3172 quam
899 3099 1058 3156 differentiis

104 3188 246 3258 utriusque
268 3183 511 3254 senatusconsulti,
539 3176 664 3257 placuit²
687 3183 798 3257 exploso
820 3184 1060 3240 senatusconsulto

174 3446 192 3507 ¹)
210 3449 386 3498 constitutione
407 3448 544 3512 Theophila
562 3448 584 3497 le
603 3449 620 3496 l.
638 3449 755 3508 laudato,
772 3461 835 3510 quoe
850 3449 938 3510 periit.
