2472 3896
432 206 469 242 on
486 205 581 242 annunt
597 206 736 244 nrvrsroun
754 192 791 256 ΙΙ,
811 195 832 246 1.
1072 193 1112 254 41

156 360 189 400 eo
204 361 267 402 casu
282 363 450 404 communem
470 363 530 404 esse
549 348 666 420 speciem
687 363 741 404 nou
763 347 908 407 dubitatur.
946 347 1044 421 quodsi
1057 346 1114 404 ior-

157 429 227 486 tuitu
244 437 271 484 et
292 446 347 486 non
366 432 506 488 voluntate
521 430 691 486 dominorum
705 431 834 488 confusae
848 431 950 488 fuerint
963 433 1006 489 vel
1028 431 1114 488 diver·

155 529 200 568 sae
219 515 346 571 materiae
365 515 407 571 vei
429 531 497 588 quae
517 515 637 570 eiusdem
652 517 759 588 generis
773 523 854 586 sunt,
875 517 944 572 idem
965 517 1031 571 iuris
1054 532 1113 572 esse

155 597 266 671 placuit.
297 597 398 665 Quodsi
414 599 580 656 trumentum
594 598 657 654 Titii
674 607 720 655 tuo
741 599 877 656 frumento
893 601 1004 656 mixtum
1020 599 1113 669 inerit,
1130 598 1163 646 28

155 682 178 736 si
193 681 299 754 quidem
312 699 344 738 ex
356 682 496 739 voluntate
510 689 610 752 restra,
625 698 767 739 commune
778 685 840 753 erit,
855 685 917 756 quia
931 683 1039 757 singula
1053 700 1113 739 cor·

156 781 238 838 pora,
253 765 281 821 id
297 774 339 822 est
349 766 458 840 singula
472 782 567 840 grana,
590 781 658 840 quae
673 767 804 839 cuiusque
819 769 928 840 propria
943 767 1065 838 suerunt,
1080 784 1113 823 en
1129 789 1133 813 ι

155 864 290 906 consensu
311 859 403 906 vestro
425 851 618 907 communicata
639 858 714 906 sunt.
752 849 849 922 quodsi
870 867 934 907 casu
955 850 981 906 id
1002 853 1113 907 mixtum

155 933 238 990 suerit
259 933 301 990 vel
316 933 401 989 Titius
423 934 450 990 id
472 935 609 991 miscuerit
628 935 687 990 sine
708 933 846 991 voluntate
862 942 917 1004 tua,
938 951 993 990 non
1008 935 1114 990 videtur

155 1034 297 1075 commune
312 1034 382 1088 esse,
400 1020 462 1091 quia
482 1018 590 1091 singula
610 1034 725 1091 corpora
738 1019 766 1073 in
781 1034 829 1073 sua
843 1017 994 1074 substantia
1016 1018 1114 1074 durent

155 1117 206 1158 nec
225 1103 310 1174 magis
331 1102 391 1157 istis
411 1102 518 1158 casibus
537 1118 679 1158 commune
700 1100 731 1158 fit
745 1101 929 1173 frumentum,
952 1118 1031 1175 quam
1046 1118 1114 1175 grex

156 1187 304 1242 communis
317 1201 377 1242 esse
384 1185 564 1258 intellegitur,
579 1188 602 1242 si
617 1201 716 1258 pecora
727 1186 790 1241 Titii
804 1187 859 1243 tuis
874 1184 1018 1260 pecoribus
1032 1187 1114 1241 mixta

156 1269 271 1324 inerint:
292 1269 339 1324 sed
356 1270 379 1323 si
394 1267 427 1323 ab
442 1269 574 1325 alterutro
589 1277 708 1324 vestrum
722 1269 750 1326 id
766 1278 854 1326 totum
869 1269 1034 1327 frumentum
1047 1270 1113 1325 reti·

156 1359 263 1421 nentur,
277 1353 306 1408 in
321 1367 378 1407 rem
393 1351 501 1423 quidem
516 1353 586 1408 actio
597 1368 647 1426 pro
663 1352 743 1408 modo
759 1353 887 1410 frumenti
900 1355 1112 1426 cuiusquecom·

156 1427 255 1509 petit,¹
270 1434 382 1491 arbitrio
398 1444 488 1491 autem
503 1435 597 1492 iudicis
609 1435 780 1505 continetur,
796 1445 827 1492 ut
840 1437 863 1492 is
879 1439 1017 1507 aestimet,
1033 1437 1112 1510 quale

156 1519 288 1592 cuiusque
303 1519 469 1575 frumentum
489 1519 582 1576 iucrit.
612 1512 625 1551 ²
632 1517 698 1573 Cum
718 1520 746 1574 ln
765 1536 816 1576 suo
835 1519 896 1575 solo
918 1521 1014 1593 aliquis
1029 1521 1113 1576 alicua
1130 1519 1163 1567 29

156 1605 267 1659 materia
282 1601 479 1673 aedificaverit,
501 1604 560 1675 ipse
575 1603 698 1658 dominus
713 1603 882 1677 intellegitur
903 1602 1029 1674 aedificii,
1051 1605 1113 1677 quia

155 1703 246 1758 omne,
268 1686 342 1761 quod
356 1685 556 1756 inaedificatur,
578 1686 638 1742 solo
654 1686 732 1745 cedit.
761 1704 812 1743 nec
826 1695 915 1743 tamen
928 1687 990 1745 ideo
1005 1690 1046 1758 is,
1067 1688 1112 1760 qui

154 1772 282 1827 materiae
298 1771 421 1827 domiuus
437 1771 538 1840 iuerat,
560 1771 658 1826 desinit
679 1772 736 1826 eius
756 1771 881 1828 dominus
896 1787 969 1827 esse:
990 1771 1037 1828 sed
1054 1780 1112 1828 tan-

155 1857 240 1929 tisper
253 1872 342 1929 neque
357 1854 492 1912 vindicare
507 1871 564 1910 eam
580 1861 672 1928 potest
687 1871 775 1928 neque
790 1856 823 1911 ad
843 1855 1020 1912 exhibendum
1035 1856 1068 1912 de
1082 1873 1112 1912 ea

154 1956 184 1995 re
199 1955 281 2013 egere
295 1949 408 2013 propter
422 1939 510 2013 legem
525 1938 667 1995 duodecim
682 1937 849 2010 tabularum,
872 1955 923 2012 qua
939 1947 1063 2009 cavetur,
1078 1957 1112 1995 ne

155 2024 216 2097 quis
231 2024 338 2097 tignum
352 2023 467 2078 alienum
487 2022 597 2078 aedibus
617 2024 674 2078 suis
692 2023 842 2078 iniunctum
858 2024 973 2078 eximere
988 2033 1113 2096 cogatur,

155 2106 204 2162 sed
226 2105 337 2180 duplum
359 2122 409 2179 pro
432 2121 465 2162 eo
488 2113 607 2178 praestat
627 2107 844 2178 peractionem,
867 2122 936 2179 quac
955 2115 1066 2162 vocatur
1080 2106 1113 2162 de

155 2190 234 2264 tigno
255 2191 347 2246 iuncto
371 2185 561 2262 (appellatione
582 2196 671 2244 autem
699 2190 766 2262 tigni
788 2191 875 2245 omnis
897 2192 1007 2245 materia
1029 2191 1113 2263 signi·

156 2271 261 2343 ficator,
284 2289 316 2328 ex
338 2289 390 2346 qua
412 2269 530 2328 aedificia
552 2267 649 2349 fiunt):
673 2271 746 2345 quod
767 2273 828 2328 ideo
848 2275 984 2347 provisum
1006 2283 1058 2344 est,
1080 2290 1114 2328 ne

157 2354 275 2413 aedificia
290 2355 406 2413 rescindi
430 2372 541 2412 necesse
556 2357 600 2412 sit.
636 2355 684 2411 sed
704 2355 728 2412 si
748 2356 836 2429 aliqua
851 2374 885 2412 ex
899 2374 979 2415 causa
993 2357 1113 2414 dirutum

156 2442 193 2496 sit
207 2438 369 2511 aedificium,
383 2442 487 2513 poterit
500 2439 627 2496 materiae
642 2439 782 2511 dominus,
797 2442 820 2496 si
834 2459 889 2497 non
904 2441 988 2498 fuerit
1002 2441 1112 2516 duplum

156 2526 207 2580 iam
223 2518 416 2595 consecutus,³
437 2533 504 2581 tuuc
519 2541 577 2581 eam
591 2523 725 2580 uindicare
740 2533 767 2580 et
782 2526 815 2581 ad
830 2526 1007 2583 exhibendum
1023 2542 1113 2601 egere.

156 2607 194 2666 Ex
208 2607 314 2664 diverso
329 2610 352 2663 si
372 2611 432 2681 quis
452 2608 479 2663 in
495 2608 582 2664 alieno
598 2608 657 2664 solo
675 2625 722 2664 sue
743 2611 853 2667 materia
868 2610 976 2667 domum
991 2609 1112 2666 aedifica·
1130 2609 1164 2658 30

157 2694 235 2763 verit,
250 2691 323 2748 illius
338 2689 369 2747 fit
380 2692 487 2761 domus,
501 2693 578 2748 cuius
593 2701 622 2748 et
634 2691 723 2748 solum
738 2701 787 2750 est.
822 2693 870 2748 sed
886 2693 938 2750 hoc
952 2710 1017 2750 casu
1031 2700 1113 2747 mate·

155 2779 211 2833 riae
233 2775 356 2833 domiuus
378 2777 570 2849 proprietatem
589 2778 647 2832 eius
668 2776 783 2846 amittit,
811 2779 871 2850 quia
894 2777 1033 2833 voluntate
1055 2777 1113 2830 eius

156 2860 268 2917 alienata
283 2859 461 2934 intellegitur,
477 2863 571 2934 utique
586 2862 609 2916 si
623 2877 679 2916 non
694 2859 846 2932 ignorabat,
862 2861 890 2916 in
904 2860 992 2915 alieno
1007 2858 1068 2915 solo
1083 2875 1113 2914 se
1157 2869 1159 2877 ·

156 2943 307 3002 aedificare:
323 2951 351 2999 et
366 2944 445 3012 ideo,
461 2943 524 2999 licet
539 2943 628 2999 diruta
643 2945 679 3000 sit
694 2943 805 3013 domus,
826 2943 959 3000 vindicare
974 2945 1113 2999 materiam

155 3045 210 3085 non
225 3021 352 3102 poterit.4
380 3035 453 3083 certe
468 3026 535 3082 illud
550 3034 671 3097 constat,
692 3029 715 3082 si
727 3029 754 3082 in
769 3028 943 3100 possessione
963 3028 1112 3085 constituto

225 3190 246 3254 ¹)
258 3195 298 3243 ed.
312 3191 385 3242 Scor.
399 3193 536 3254 compatet
549 3191 589 3240 cd.
601 3191 650 3240 Kr.
662 3192 735 3242 codd.
749 3192 857 3241 nonant.
926 3189 947 3254 ²)
960 3191 999 3252 ἐξ.
1012 3193 1070 3240 29-
1080 3192 1111 3241 31

153 3261 212 3324 fere
225 3260 302 3314 =L.
316 3263 339 3312 t.
357 3261 397 3320 §5-
410 3261 450 3308 10.
464 3260 504 3308 12.
518 3261 549 3308 13
566 3258 599 3311 D.
618 3260 674 3309 eod.
760 3256 781 3320 ⁸)
799 3260 873 3312 codd.
892 3259 968 3322 infer.
987 3266 1013 3308 et
1031 3253 1113 3322 ἔτυχε

154 3318 346 3394 κομισάμενος
368 3325 478 3390 toeopt.
500 3329 659 3389 persecutus
682 3326 758 3376 codd.
782 3333 830 3376 oet.
850 3327 908 3376 edd.
927 3325 999 3376 Scor.
1020 3333 1045 3375 et
1061 3326 1113 3375 Kr.

154 3393 176 3458 ⁴)
195 3395 284 3460 possit
301 3397 359 3445 edd.
379 3395 452 3445 Scor.
475 3401 501 3444 et
523 3393 574 3444 Kr.
593 3393 668 3444 codd.
686 3394 787 3443 uariant
803 3395 871 3443 inter
888 3398 992 3457 potest,
1015 3393 1113 3458 possit,

153 3463 261 3528 poterit.
281 3455 335 3524 ἔξω
355 3462 464 3527 ΤΙιεορΙι.
