2472 3896
140 175 183 238 24
398 189 433 225 ou
452 189 560 226 onerum
578 189 737 225 ursurrona
755 175 777 236 Ι,
797 175 836 226 ld.

141 346 255 403 rumque
270 331 426 404 perimitur:
447 345 508 385 nam
531 329 657 404 adgnatio
677 329 743 385 iuris
764 335 805 384 est
819 345 928 391 nomen.
957 329 1109 403 cognatio·

140 415 184 469 nis
211 429 275 469 vero
302 415 345 469 ius
367 430 422 469 non
445 413 567 469 omuibus
595 413 682 469 modis
703 419 899 485 commutatur,
929 414 990 486 quia
1013 413 1108 470 civilis

140 499 211 552 ratio
233 495 318 552 civilia
341 494 446 571 quidem
468 497 526 554 iura
548 493 722 570 corrumpere
746 503 854 573 potest,
881 496 1011 553 naturalia
1033 513 1108 554 vero

141 595 197 637 nou
219 582 322 652 utique.

556 759 614 800 ule.
626 759 689 800 XVI.

396 843 445 894 DE
463 841 605 894 ΟΑΡΙΤῙΒ
622 842 837 899 ΜΙΝΠΤῙΟΝΕ.

94 982 130 1022 er.
210 958 275 1022 ¹i3st
295 973 384 1022 autem
404 967 498 1039 capitis
518 965 665 1022 deminutio
685 966 783 1039 prioris
804 972 891 1022 status
911 966 1107 1040 commutatio,
1205 963 1206 978 ¹

145 1065 229 1124 eaque
244 1049 329 1107 trihus
344 1048 430 1107 modis
445 1049 556 1106 accidit:
580 1065 641 1104 nam
655 1057 701 1104 aut
715 1050 825 1104 maxima
839 1056 881 1106 est
901 1051 995 1123 cepitis
1015 1049 1105 1108 deuri-

144 1135 222 1190 nutio
244 1141 290 1189 aut
311 1135 409 1204 minor,
432 1149 511 1205 quam
527 1132 633 1206 qnidam
647 1131 760 1189 mediam
782 1141 891 1202 vocant,
915 1140 961 1189 aut
980 1134 1102 1192 minima„

111 1228 123 1273 1
143 1215 253 1272 iiaxima
273 1223 317 1272 est
335 1218 430 1290 capitis
452 1215 614 1286 deminutio,
636 1232 697 1272 cum
717 1216 813 1290 aliquis
828 1216 950 1273 simulet
965 1217 1102 1274 civitatem

144 1308 173 1358 et
194 1300 346 1357 libertatern
368 1301 476 1359 amittit.
513 1299 587 1374 quod
608 1299 703 1356 accidit
724 1300 751 1355 in
773 1299 824 1370 his,
849 1301 895 1372 qui
910 1301 980 1356 servi
995 1316 1101 1374 poenae

145 1383 299 1440 efficiuntur
313 1385 453 1441 atrocitate
468 1385 627 1454 sententiae,
649 1383 691 1440 vei
705 1381 795 1439 liberti
810 1391 840 1438 ut
855 1384 953 1458 ingrati
969 1385 1038 1440 circe
1052 1399 1101 1458 pa·

144 1477 239 1525 tronos
260 1470 438 1540 condemnati,
460 1468 502 1524 vel
524 1470 571 1541 qui
593 1467 625 1523 ad
646 1468 762 1540 pretium
777 1467 989 1540 participandum
1010 1484 1039 1524 se
1053 1485 1101 1525 re·

111 1562 126 1610 2
144 1553 265 1608 numdari
283 1554 355 1627 passi
376 1561 448 1608 sunt.
478 1551 565 1607 Minor
584 1552 639 1606 sive
655 1550 741 1606 media
761 1559 802 1606 est
821 1553 916 1624 eapitis
938 1551 1099 1624 deminutio,

144 1653 205 1692 oum
227 1638 319 1691 civitas
341 1636 449 1708 quidem
472 1636 615 1702 amittitur,
638 1633 746 1690 libertas
769 1651 832 1690 vero
847 1636 989 1692 retinetur.
1024 1636 1104 1708 quod

145 1718 240 1775 eccidit
255 1719 294 1790 el,
315 1721 358 1774 cui
373 1735 442 1791 aqua
462 1726 490 1774 et
504 1720 561 1792 igni
582 1717 756 1774 interdictum
772 1717 866 1788 tuerit,
891 1718 932 1775 vel
948 1720 987 1790 ei,
1009 1721 1055 1792 qui
1069 1720 1098 1775 in

111 1816 127 1865 s
144 1800 258 1858 insulam
273 1802 431 1874 deportatus
446 1809 498 1858 est.
528 1801 633 1857 Minime
648 1803 742 1875 cepitis
757 1802 905 1859 deminutio
920 1810 972 1874 est,
994 1819 1054 1858 oum
1070 1811 1099 1859 et

145 1886 236 1943 civitas
259 1894 287 1942 et
307 1884 416 1942 libertas
438 1887 580 1957 retinetur,
602 1884 650 1942 sed
672 1893 757 1942 status
778 1885 893 1942 hominis
908 1893 1097 1944 commutatur.

145 1969 219 2044 quod
242 1969 338 2027 accidit
358 1971 386 2026 in
407 1969 463 2040 his,
487 1969 550 2042 qui,
573 1986 633 2026 cum
655 1971 698 2026 sui
719 1971 786 2027 iuris
807 1969 927 2040 inerunt,
948 1979 1098 2044 coeperunt

111 2068 128 2115 4
145 2053 232 2110 alieno
246 2055 299 2110 iuri
313 2052 425 2111 subiecti
441 2069 510 2120 esse,
532 2053 574 2110 vei
593 2060 697 2110 contra.
728 2053 826 2109 Servus
846 2061 934 2110 autem
956 2056 1097 2110 manumis-

111 2151 192 2200 5sus
215 2139 301 2212 capite
324 2154 379 2194 uon
400 2139 542 2209 minuitur,
565 2137 626 2211 quia
648 2136 750 2193 nulium
772 2143 852 2210 caput
866 2136 967 2194 habuit.
995 2136 1098 2205 Quibus

145 2227 235 2276 nutem
249 2221 366 2295 dignitas
381 2222 466 2294 magis
482 2237 561 2294 quam
576 2228 663 2277 status
678 2229 856 2294 permutatur,
879 2222 964 2294 capite
979 2237 1034 2278 nou
1048 2224 1097 2278 mi·

145 2310 281 2359 nuuntur:
296 2311 325 2360 et
338 2303 399 2360 ideo
413 2313 509 2360 senatu
523 2312 614 2361 motos
629 2306 716 2378 capite
730 2321 785 2361 nou
801 2305 883 2360 minui
899 2313 1013 2361 constat.

111 2401 127 2450 o
208 2384 285 2453 Quod
307 2393 396 2442 eutem
418 2387 518 2444 dictum
541 2395 592 2458 est,
614 2403 721 2444 manere
742 2387 910 2460 coguetIonis
925 2389 966 2444 ins
988 2395 1099 2462 etpost

146 2469 240 2543 capitis
254 2469 475 2541 deminutionem,
489 2471 542 2528 hoc
556 2473 593 2526 ita
608 2480 659 2540 est,
680 2472 703 2526 si
718 2472 825 2526 minima
840 2471 934 2543 capitis
949 2471 1097 2529 deminutio

144 2553 317 2611 interveniat:
338 2561 426 2610 manet
441 2554 511 2609 enim
527 2556 663 2628 cognatio.
693 2569 753 2608 nam
773 2555 797 2608 si
814 2555 926 2610 maxime
945 2557 1037 2628 capitis
1052 2555 1098 2611 de·

145 2636 258 2693 minutio
274 2638 404 2707 incurrat,
424 2637 465 2692 ius
480 2652 588 2711 quoque
603 2637 771 2710 cognationis
790 2638 872 2710 perit,
893 2646 923 2694 ut
937 2646 1002 2712 puta
1016 2640 1099 2694 servi·

145 2729 204 2782 ture
227 2719 337 2777 alicuius
360 2721 484 2794 cognati,
506 2728 589 2776 etue
611 2720 734 2792 quidem,
761 2721 785 2775 si
807 2722 984 2778 manumissus
1005 2722 1098 2794 fuerit,

145 2806 241 2879 recipit
256 2805 452 2878 cognationem.
484 2804 531 2860 sed
547 2813 575 2860 et
597 2805 620 2859 si
635 2805 662 2860 in
676 2802 789 2858 insulam
805 2804 963 2878 deportatus
978 2807 1037 2879 quis
1052 2807 1097 2877 sit,

113 2903 128 2953 7
147 2891 272 2963 cognatio
287 2888 409 2945 solvitur.
447 2882 532 2944 ⁴Cum
547 2895 635 2944 autem
655 2887 688 2942 ad
708 2886 840 2962 adgnatos
856 2889 941 2945 tutela
956 2891 1098 2963 pertinent,

145 2989 201 3030 non
215 2972 295 3029 simul
311 2972 344 3028 ad
359 2988 451 3028 omnes
472 2973 606 3045 pertinet,
626 2971 673 3027 sed
697 2971 731 3027 ad
746 2987 793 3029 eos
809 2980 929 3044 tantum,
949 2975 995 3047 qui
1009 2975 1097 3046 proni·

146 3050 250 3112 miore³
266 3056 352 3130 gradu
367 3064 441 3127 sunt,
456 3056 508 3128 vel,
522 3055 547 3111 si
562 3055 682 3112 eiusdem
696 3056 797 3131 gradus
812 3058 875 3128 sint,
892 3057 924 3114 ad
940 3073 1044 3114 omnes.

216 3301 237 3367 ¹)
254 3318 296 3367 pr.
310 3297 350 3364 ἐξ.
364 3303 466 3353 1...3.
479 3323 513 3346 =
527 3304 582 3356 Gai.
595 3307 619 3370 1,
635 3306 775 3356 tte-loe.
845 3299 903 3367 ')..
915 3339 921 3354 .
934 3302 1021 3366 gredo
1038 3305 1098 3352 sunt

147 3369 249 3421 =Gei.
264 3371 361 3429 1,1ot.
463 3367 484 3434 ⁸)
501 3373 539 3422 sic
556 3373 581 3421 E
599 3381 624 3422 et
645 3373 756 3437 Tteoptt.
774 3372 815 3421 ed.
834 3369 906 3421 Scir.
925 3371 1046 3434 proximo
1062 3370 1099 3420 o'ei

147 3437 310 3503 proximiore
321 3439 360 3487 oet
371 3437 546 3501 proximiores
558 3441 604 3490 aiii
613 3441 688 3490 codd.
702 3438 824 3504 proximo
840 3434 886 3501 (ero
899 3435 973 3500 Gaio)
991 3437 1032 3486 ed.
1051 3435 1098 3486 Kr.
