2472 3896
566 197 725 234 rensrurso.
1065 186 1117 239 VII

166 341 201 396 tis
216 345 278 393 ante
293 339 428 394 communi
443 338 555 395 consilio
571 347 598 394 et
613 339 766 395 constitutis
780 337 932 413 perficiendi
947 340 1037 414 operis
1048 341 1116 415 legi·

164 422 226 493 bus,
243 438 303 477 oum
321 421 497 478 'iribonianus
512 431 615 479 tantum
632 420 674 477 ‘ad
692 424 775 479 totius
791 425 881 496 operis
896 423 1116 497 gubernationem

165 504 284 561 electus’
301 515 388 576 esset,
411 505 509 562 alteros
525 505 593 561 duos
608 507 691 579 ipsam
707 523 763 562 rem
779 507 815 562 ita
830 523 975 581 aggressos
989 524 1064 579 esse,
1087 517 1117 564 ut

166 597 280 663 uterque
302 605 333 645 en
353 591 524 663 praescriptis
545 591 596 645 iam
611 606 626 644 a
640 589 785 646 iustiniano
809 599 938 665 quattuor
952 590 1024 646 libris
1040 590 1116 648 binos

165 679 340 746 componeret
362 681 389 728 et
417 673 511 729 deinde
533 681 620 731 totum
643 690 711 746 opus
734 673 894 730 Triboniano
916 675 1017 731 arbitro
1039 692 1115 748 prae·

165 757 263 813 lectum
283 755 465 830 perficeretur.
510 757 573 812 Nam
594 765 625 814 ut
644 757 708 813 baec
723 757 891 828 distributio,
914 758 969 814 Gaii
983 775 1116 815 commen·

166 842 240 896 tariis
261 849 425 912 monstrata,
447 840 579 913 periacilis
600 849 672 912 erat,
694 843 730 896 ita
746 849 773 898 et
788 851 818 896 ut
834 858 902 897 unus
917 842 1009 913 solus,
1031 842 1116 899 altero

164 926 270 980 interim
293 926 408 994 otiante,
437 934 464 979 et
486 933 516 979 ut
538 924 614 980 ambo
641 940 693 980 una
720 926 857 981 universus
885 934 1012 998 quattuor
1033 925 1116 982 libros

165 1017 374 1081 componerent,
395 1024 505 1081 magnas
519 1006 632 1063 babebat
647 1006 817 1065 difficultates
839 1011 934 1064 tamin
949 1026 979 1065 re
994 1026 1072 1083 quam
1088 1010 1115 1064 in

165 1093 288 1165 personis
307 1093 382 1148 sitas.
418 1092 606 1147 Verumtamen
626 1108 680 1147 nou
700 1093 855 1150 coniectura
875 1100 976 1148 tantum
997 1095 1115 1166 quamvis

164 1176 316 1248 verisimili,
339 1176 387 1231 sed
408 1177 485 1231 etiam
505 1176 586 1231 certis
606 1178 770 1247 argumentis
791 1193 823 1232 er
844 1178 909 1249 ipsis
925 1175 997 1232 libris
1012 1177 1115 1250 petitis,

164 1261 272 1315 remita
288 1267 390 1332 gestam
406 1275 466 1314 esse
482 1260 588 1332 assequi
603 1259 681 1329 licet,
698 1262 741 1316 oui
756 1261 835 1316 etiam
850 1261 903 1342 hoq
917 1261 1006 1316 statim
1022 1259 1115 1316 adiun-

166 1344 271 1416 gimus,
289 1345 391 1416 priores
407 1343 474 1398 duos
497 1341 579 1398 libros
594 1358 608 1396 a
623 1343 757 1399 llorotlreo
778 1343 914 1416 Berytensi
935 1352 1114 1415 antecessore,

167 1427 330 1497 posteriores
351 1444 365 1482 a
386 1426 536 1499 l'beoplrilo
559 1426 853 1499 Constantinopolitano
879 1435 1024 1499 conceptos
1045 1443 1115 1498 esse,

168 1518 279 1582 excepto
301 1509 414 1566 iortasse
435 1509 497 1565 libri
519 1510 606 1581 quarti
631 1509 709 1565 titulo
732 1509 826 1565 ultimo
847 1505 892 1564 ‘de
912 1510 1027 1582 publicis
1047 1510 1115 1566 iudi-

167 1593 236 1663 ciis',
252 1609 329 1665 quem
345 1592 443 1650 collato
459 1593 640 1649 antecedentis
655 1587 711 1668 (lv,
729 1586 781 1671 l‘l)
796 1610 837 1666 pr.
868 1592 1062 1666 ‘Superest,
1086 1604 1115 1649 ut

166 1675 199 1731 de
214 1675 304 1732 officio
318 1677 413 1733 iudicis
427 1677 619 1750 dispiciamus’,
639 1685 733 1749 postea
748 1676 863 1747 demum,
883 1677 1020 1750 exemplo,
1036 1687 1114 1751 puto,

164 1759 287 1816 ilarciani
301 1762 517 1832 institutionum,
532 1777 619 1834 eoque
634 1761 758 1829 consilio,
782 1769 811 1816 ut
826 1760 1011 1816 institutiones
1027 1763 1113 1816 verius

165 1840 266 1899 ‘totius
287 1844 422 1918 legitimae
444 1845 570 1901 scientiae
590 1844 731 1899 elementa’
755 1844 978 1918 Digestorumque
999 1844 1113 1901 medulla

164 1927 215 1984 dici
230 1938 357 2001 possent,
384 1928 514 1983 adiectum
537 1944 611 1997 esse,
636 1935 710 1982 tanto
732 1929 858 1983 maiorem
880 1928 960 1983 habet
980 1929 1035 1983 veri
1054 1945 1113 2001 spe·

165 2013 241 2081 ciem,
257 2012 328 2086 quod
344 2013 366 2067 is
382 2020 409 2067 et
424 2028 439 2066 a
454 2012 548 2085 priscis
564 2011 779 2066 institutionibus
794 2020 821 2066 et
837 2009 868 2066 ab
884 2011 939 2080 illa,
955 2027 1022 2083 quae
1037 2011 1113 2067 initio

164 2095 316 2168 placuerat,
339 2096 421 2150 totius
445 2096 533 2169 operis
556 2094 746 2150 distributione
765 2094 791 2164 l,
813 2094 846 2156 2,
869 2094 921 2149 12:
945 2093 1040 2150 ‘Omne
1061 2096 1111 2166 ius,

165 2195 219 2252 quo
242 2182 355 2251 utimur,
384 2178 423 2234 rel
452 2178 482 2232 ad
510 2195 639 2251 personas
667 2179 798 2250 pertinet,
825 2177 866 2232 vel
894 2177 925 2232 ad
953 2193 996 2232 res
1017 2178 1059 2233 vel
1081 2178 1113 2234 ad

165 2260 353 2333 actioncs’,
369 2261 468 2317 collato
483 2261 530 2333 lV,
548 2259 602 2330 18,
624 2277 668 2336 pr.
684 2259 799 2334 ‘publica
819 2260 914 2316 iudicia
930 2277 1039 2332 neque
1053 2278 1113 2334 per

164 2347 321 2403 actiones
338 2342 525 2401 ordinantur’.
541 2361 690 2417 ..prorsus
705 2344 806 2399 alienus
822 2352 887 2400 erat.
911 2345 1013 2400 Rursus
1024 2353 1112 2400 autem

164 2432 191 2486 in
204 2428 256 2485 bne
267 2429 371 2485 additus
387 2431 431 2485 bic
441 2428 535 2484 titulus
550 2423 589 2504 (ut
600 2428 626 2483 id
637 2430 725 2483 statim
736 2420 887 2507 sublicium)
898 2429 924 2485 in
937 2445 1016 2485 causa
1030 2429 1112 2485 iuisse

163 2513 285 2583 videtur,
308 2521 336 2569 ut
358 2512 468 2578 deiude,
491 2521 595 2568 semoto
617 2513 667 2568 iam
690 2511 721 2567 ab
744 2528 824 2585 opere
846 2512 1010 2585 'lbeoplrilo,
1033 2513 1111 2568 etiam

163 2598 240 2653 initio
255 2597 300 2653 illc
316 2594 363 2652 ‘de
383 2598 485 2652 iustitia
500 2604 527 2652 et
548 2593 621 2652 iure’
638 2612 668 2651 ex
684 2595 787 2669 Ulpiani
808 2594 1022 2651 institutionibus
1035 2613 1111 2670 prae-

164 2679 305 2750 ficeretur,
321 2680 347 2734 in
364 2697 417 2753 quo
433 2680 505 2755 quod
522 2679 616 2736 abillo
632 2679 680 2734 alia
695 2681 799 2734 ratione
814 2679 912 2734 dictum
928 2687 997 2734 erat:
1021 2678 1112 2736 ‘buius

164 2764 244 2820 studii
266 2764 333 2819 duae
353 2773 417 2820 suot
438 2765 599 2836 positiones,
623 2762 757 2836 publicum
777 2771 804 2817 et
824 2757 974 2835 privatum',
996 2765 1110 2836 speciem

164 2847 296 2920 quandam
311 2846 479 2921 praestabat,
502 2849 579 2903 etiam
600 2849 626 2903 in
642 2845 854 2902 institutionibus
869 2848 939 2901 sicut
954 2847 979 2900 in
996 2846 1110 2919 Digestis

165 2928 230 3007 (48,
249 2929 279 3004 1)
295 2940 356 3004 post
372 2930 523 2986 absolutum
540 2932 581 2986 ius
596 2932 725 3004 privatum
740 2929 871 2984 adiectum
889 2928 996 2984 titulum
1011 2929 1043 2985 de
1061 2948 1110 3004 pu-

163 3015 239 3072 blicis
259 3014 363 3071 iudiciis
383 3030 437 3069 non
457 3023 563 3087 praeter
580 3015 749 3085 institutum,
771 3011 818 3068 sed
833 3013 979 3069 secundum
1001 3015 1110 3087 primam

163 3101 253 3173 operis
273 3099 487 3155 informationem
508 3097 543 3153 ibi
563 3099 680 3170 positum
701 3112 769 3152 esse.
814 3095 986 3152 sesamam
1002 3114 1110 3170 quoque

162 3192 242 3254 sunt,
263 3199 332 3256 quae
350 3191 493 3253 utrumque
513 3181 618 3235 titulum
640 3179 780 3235 abeodem
796 3180 945 3253 proiectum
962 3197 1020 3236 esse
1041 3182 1109 3236 veri-

162 3267 248 3323 simile
270 3267 396 3336 reddaot,
418 3264 491 3320 velut
511 3263 555 3319 illa
575 3264 606 3319 de
622 3263 771 3319 studiorum
788 3264 880 3318 ordine
895 3263 921 3333 l,
940 3262 972 3332 1,
989 3262 1017 3323 2.
1040 3263 1110 3319 dicta

161 3367 230 3423 quae
247 3351 369 3406 videntur
386 3349 418 3404 ad
440 3349 526 3404 ultimi
546 3348 617 3403 tituli
632 3347 711 3402 verba
727 3345 813 3402 finalia
829 3341 890 3421 (lV,
909 3346 962 3416 18,
979 3342 1031 3422 12)
1054 3347 1109 3402 iere

161 3433 369 3492 accommodata.
412 3431 465 3488 Sed
477 3434 504 3487 in
518 3432 595 3486 viam.
