2492 3896
240 211 274 246 on
291 210 484 255 soonrsnmous
500 214 552 248 rus
567 213 781 250 successionum
798 199 848 262 ΙΙΙ,
867 203 899 250 10
917 199 983 265 (11).
1032 199 1092 264 123

137 351 223 407 iuncti
238 345 425 408 mitterentur¹
442 361 470 408 et
485 369 516 408 eo
527 354 608 409 modo
623 354 673 409 sibi
686 354 869 426 consulerent,
884 354 944 410 ideo
960 356 1091 428 petendae

135 435 269 492 bonorum
285 437 451 508 possessioni
464 445 567 491 certum
581 445 687 511 tempus
703 436 861 511 praefinivit.
892 438 984 494 liberis
1000 440 1090 511 itaque
1107 435 1145 498 (9)

136 527 165 574 et
179 519 334 591 parentibus
349 528 402 575 tam
416 519 579 576 naturalibus
595 538 673 594 qnam
689 522 819 595 adoptivis
834 522 991 595 impetenda
1006 522 1091 578 bono-

134 619 198 658 rnm
218 603 391 675 possessione
410 605 471 659 anni
491 605 620 675 spatium,
641 607 738 660 ceteris
759 614 867 662 centnm
888 606 992 662 dierum
1007 605 1088 662 dedit.

135 686 169 742 Et
184 687 208 741 si
222 687 292 742 intra
305 686 359 743 hoc
373 693 479 760 tempus
500 687 596 759 aliquis
611 688 744 744 bonorum
759 690 958 761 possessiouem
973 706 1029 746 non
1043 706 1090 764 pe·
1108 685 1181 752 (5)l⁰

137 769 223 839 tierit,
235 769 353 825 eiusdem
364 771 464 843 gradus
476 773 599 842 personis
611 771 755 828 adcrescit:
767 772 810 827 vel
820 774 930 828 sinemo
943 789 975 829 ex
985 766 1033 829 eo²
1044 775 1090 842 sit,

136 853 264 926 deinceps
275 845 387 909 ceteris³
396 854 509 927 proinde
520 853 652 910 bonorum
664 857 864 928 possessionem
875 872 908 910 ex
922 859 1090 913 successorio

136 937 226 993 edicto
241 936 400 1010 pollicetur,
415 953 445 992 ac
460 939 481 992 si
496 939 529 1007 is,
544 940 590 1010 qni
604 939 798 1012 praecedebat,
813 956 845 996 ex
860 956 893 994 eo
909 955 1020 996 numero
1035 956 1091 996 uon

136 1029 219 1077 esset.
251 1014 313 1076 set⁴
328 1019 419 1093 siquis
431 1015 487 1076 ita⁵
502 1021 614 1077 delatam
625 1022 675 1078 sibi
686 1023 818 1079 bonorum
833 1024 1032 1096 possessionem
1048 1039 1092 1078 re·

135 1104 300 1178 pudiaverit,
323 1120 377 1159 nou
398 1120 538 1178 quousque
559 1114 664 1179 tempus
683 1106 816 1162 bonorum
831 1108 997 1181 possessioni
1011 1123 1089 1180 prae-

136 1188 242 1244 finitum
264 1189 424 1256 excesserit,
453 1197 621 1262 expectatur,
650 1190 697 1246 sed
725 1193 814 1246 statim
836 1193 919 1247 ceteri
941 1206 974 1245 eu
995 1190 1090 1246 eodem

135 1271 225 1328 edicto
248 1270 436 1328 admittuntur.
480 1270 508 1326 ln
529 1273 642 1344 peteuda
663 1282 751 1330 antem
770 1274 902 1331 bonorum
917 1275 1090 1348 possessione
1108 1269 1177 1332 (θ)11

135 1355 195 1411 dies
209 1355 290 1411 utiles
312 1355 413 1428 singuli
431 1355 642 1412 considerantur.
672 1357 723 1412 Sed
743 1358 812 1414 bene
827 1359 975 1414 anteriores
990 1360 1090 1432 princi·
1108 1350 1180 1418 (Ἰ)12

134 1456 187 1514 pes
203 1449 230 1494 et
245 1439 307 1494 hnic
321 1455 416 1495 causae
430 1439 617 1512 providerunt,
638 1456 672 1495 ne
688 1442 747 1513 quis
761 1457 811 1514 pro
827 1441 943 1513 petendo
957 1440 1091 1498 honorum

134 1514 346 1596 possessiones⁶
359 1530 446 1594 curet,
461 1523 518 1593 sed,
534 1539 703 1596 quocumque
718 1524 798 1580 modo
815 1526 836 1579 si
852 1524 1016 1580 admittentis
1032 1541 1090 1579 eam

134 1606 280 1672 indicium,
296 1608 365 1661 iutra
379 1612 478 1661 statuta
493 1614 581 1662 tamen
593 1615 728 1680 tempora,
746 1608 905 1678 ostenderit,
920 1607 1028 1680 plenum
1044 1608 1091 1662 ha·

134 1690 200 1746 beat
213 1706 305 1745 earum
320 1687 486 1749 beneficium.

249 1900 299 1952 uu
316 1833 976 1963 momsmodd'dufflnsocsmousu.

202 1999 266 2061 illst
281 2015 308 2061 et
323 2006 432 2061 alterins
447 2009 554 2080 generis
570 2023 617 2079 per
631 2010 831 2065 universitatem
846 2011 996 2078 successio,
1020 2026 1088 2082 quae
1100 2015 1139 2059 Pr·

134 2106 227 2163 neque
246 2089 307 2162 lege
330 2089 469 2146 duodecim
493 2090 640 2146 tabularum
663 2108 750 2164 neque
765 2094 896 2165 praetoris
917 2092 1020 2164 edicto,
1043 2092 1090 2148 sed

134 2191 170 2232 eo
187 2175 261 2242 inre,
282 2172 354 2245 qnod
375 2189 508 2229 consensu
526 2185 663 2247 receptum
678 2185 736 2246 est,
756 2175 908 2231 introducta
929 2180 978 2230 est.
1024 2173 1091 2230 licre
1109 2179 1123 2226 1

134 2259 285 2315 enimcum
301 2257 489 2330 paterfamilias
509 2273 569 2313 sese
588 2260 614 2313 in
637 2259 838 2332 adrogatiouem
854 2258 914 2328 dat,
937 2275 1029 2315 omnes
1045 2275 1090 2314 res

135 2343 198 2399 eius
212 2340 366 2414 corporales
382 2347 409 2395 et
423 2340 606 2414 incorporales
620 2358 741 2414 quaeque
756 2344 780 2397 ei
795 2339 899 2398 debitae
915 2351 993 2412 sunt,
1013 2343 1090 2399 adro·

135 2426 229 2500 gatori
241 2433 302 2479 ante
313 2424 419 2497 quidem
432 2423 512 2497 pleno
524 2426 580 2480 inre
591 2425 806 2497 adquirebantur,
823 2428 940 2500 exceptis
952 2427 1004 2499 his,
1022 2444 1091 2501 qnae

134 2525 189 2583 per
203 2508 296 2580 capitis
312 2507 518 2562 deminutionem
532 2518 660 2580 pereunt,
681 2509 772 2581 quales
787 2519 851 2566 sunt
866 2526 1007 2584 operarum
1023 2511 1091 2568 obli-

135 2593 263 2666 gationes
283 2599 310 2647 et
329 2592 371 2645 ins
392 2590 569 2662 adgnatiouis.
606 2608 671 2646 usus
686 2595 784 2648 etenim
800 2601 827 2649 et
843 2594 1013 2650 ususfructus
1028 2594 1091 2650 licet

134 2677 181 2732 his
191 2682 268 2731 antea
279 2674 549 2743 connumerabautnr,
558 2683 674 2731 attamen
686 2678 779 2751 capitis
790 2677 971 2733 deminutione
983 2679 1090 2732 minima

135 2775 187 2816 eos
201 2758 278 2828 tolli,
299 2767 391 2813 nostra
406 2757 544 2829 prohibuit
559 2754 741 2818 constitutio.8
768 2761 844 2817 Nune
858 2770 946 2816 antem
962 2776 1012 2816 nos
1028 2775 1091 2814 ean-
1106 2760 1123 2808 2

207 2917 227 2982 ¹)
245 2920 386 2968 mittuntur
403 2922 442 2972 ed.
456 2921 506 2975 Kr.
574 2919 595 2986 ²)
612 2925 712 2986 scripsi.
731 2937 805 2971 nemo
824 2923 898 2973 codd.
917 2923 975 2975 edd.
991 2923 1039 2970 sed
1056 2937 1090 2971 ex

132 3003 173 3040 eo
190 2987 220 3038 ob
237 2988 418 3037 similitudinem
430 2989 566 3048 eccidisse,
584 2997 693 3053 apparet
706 3006 740 3040 ex
754 2989 881 3052 insepu:
900 2983 927 3038 ei
939 2982 973 3039 bi
986 2985 1090 3052 μηδεὶς

134 3051 171 3108 in
188 3051 239 3105 cod
258 3044 347 3104 αὑτοῦ
366 3047 490 3118 ὁρμᾶται
508 3053 633 3119 βαθμοῦ.
718 3055 739 3120 ³)
758 3055 885 3119 deinceps
904 3055 999 3104 ceteris
1015 3076 1048 3096 =
1062 3049 1091 3107 oi

134 3115 171 3174 is
183 3119 233 3171 τοῦ
247 3111 312 3186 ἑξῆς
324 3118 441 3184 βαθμοῦ
456 3121 577 3186 ΤΙιεομΙῑ.,
596 3139 646 3173 uon
657 3139 696 3184 eu,
715 3137 778 3188 quae
790 3125 919 3185 superiori
930 3131 991 3172 nota
1002 3125 1088 3188 retuli,

131 3196 166 3240 ct
181 3187 341 3238 Schraderus
357 3191 461 3251 putavit.
480 3191 523 3254 qui
538 3192 605 3253 ideo,
623 3192 792 3254 adstipulante
804 3190 868 3252 Kr.,
884 3197 944 3255 poet
961 3189 1089 3254 deinceps

132 3257 200 3307 male
218 3257 383 3318 interposuit.
434 3251 455 3319 ⁴)
471 3259 594 3320 geminavi
610 3273 684 3307 sensu
702 3259 827 3321 serpente.
845 3262 919 3308 esset
937 3259 1010 3306 codd.
1028 3259 1087 3308 edd.

134 3323 159 3387 ⁵)
176 3324 214 3372 sie
230 3323 330 3387 quidam
353 3323 426 3372 codd.
449 3322 542 3387 itaque
559 3326 673 3388 plerique
695 3332 720 3374 ei
738 3325 796 3376 edd.
814 3325 888 3378 Scir.
906 3331 931 3374 et
948 3324 998 3375 Kr.
1068 3321 1089 3388 6)

131 3391 237 3452 scripsi.
255 3388 372 3453 petendo
381 3389 407 3440 b.
418 3392 589 3455 possessione
598 3393 672 3444 codd.
684 3393 743 3441 edd
755 3393 789 3456 ef.
803 3392 912 3455 Tbeoplt.
946 3391 966 3453 ⁷)
977 3408 1019 3455 pr.
1030 3393 1054 3453 ξ.
1066 3395 1089 3443 1.

133 3456 238 3508 -Gaa',
257 3459 287 3520 3,
304 3457 345 3507 82.
364 3457 396 3507 83
414 3464 472 3509 mut.
551 3457 571 3516 ⁸)
589 3459 621 3508 L.
642 3459 681 3509 16.
700 3460 723 3519 9.
740 3461 765 3512 2.
785 3459 812 3510 0.
831 3463 863 3510 de
880 3458 961 3521 stsusr.
982 3457 1015 3525 (3,
1035 3457 1087 3524 33).
