2492 3896
152 143 194 209 56
345 159 446 205 cursus
462 157 600 196 turnum
618 157 696 194 ursan
711 159 762 196 m
779 157 833 196 sont
845 143 882 207 11,
892 145 918 198 3.

153 302 207 360 boc
221 301 334 358 iorsitan
348 300 410 358 ideo
424 299 531 356 videtin
545 298 618 382 tisri,
638 298 712 374 quod
730 298 869 358 edurute
883 297 1014 356 debitoris
1032 299 1133 356 intol-

154 385 256 460 legitur
275 385 374 458 pignus
395 383 526 454 alienam,
548 385 595 457 qui
614 382 647 440 ub
669 384 746 440 initio
766 391 923 440 muretus
942 390 1040 456 peetus
1058 392 1131 454 esu,

154 479 185 526 ut
206 468 301 526 liceret
321 467 449 524 creditori
466 468 568 541 pignus
583 467 714 538 rendere,
736 467 760 524 sl
773 468 887 540 pecunia
907 482 962 524 uon
976 464 1127 522 solvetur.

154 553 203 608 sed
217 567 252 607 ne
265 550 416 610 creditores
429 553 472 608 ius
492 567 571 608 suum
585 552 713 624 persequi
725 550 919 624 impedirentur
932 565 1022 622 mque
1037 549 1127 610 debi-

155 644 234 692 tores
260 642 359 692 temere
388 650 498 692 suerunt
523 651 614 692 rerum
640 633 789 693 dominum
814 635 937 690 amittere
959 634 1126 703 rideantur,

155 726 248 777 nostra
262 711 474 776 constituticne¹
491 717 646 776 consultum
657 727 698 774 est
709 726 738 774 et
748 727 842 776 certus
855 717 951 776 nuedus
963 718 1124 791 inpositus

156 810 213 874 est,
236 818 289 876 per
310 819 388 876 quern
410 803 553 876 pignorum
575 801 713 858 disuactio
735 802 822 876 possit
843 800 1007 875 procedere,
1030 803 1123 858 mins

156 894 250 946 tenere
270 887 377 960 utricpue
392 888 463 958 parti
477 885 640 944 creditorum
655 895 683 942 et
697 884 849 944 debitorum
867 886 933 944 tatis
950 883 1122 958 absurdeque

122 971 293 1044 uprorlsum
308 979 358 1027 est.
395 963 491 1026 ²ch
507 968 667 1026 admonendi
682 985 792 1040 sunteas,
811 984 899 1042 nepte
911 967 1046 1042 pupilium
1066 984 1121 1028 ne-

155 1070 208 1128 que
221 1053 349 1128 pupillam
364 1053 446 1110 tullum
459 1069 516 1110 retu
530 1053 588 1108 siue
603 1054 701 1110 tutoris
715 1054 874 1111 auctoritate
888 1051 1004 1112 obesum
1017 1064 1118 1124 posse.

154 1138 270 1211 ideoque
291 1139 315 1193 si
336 1144 456 1192 mutuno
477 1136 616 1209 pecuniam
638 1136 717 1194 elicui
743 1138 803 1194 sine
827 1137 927 1192 tantoris
949 1137 1119 1194 auctoritste

155 1220 274 1291 dederit,
294 1237 351 1278 non
364 1219 499 1276 contrahit
513 1217 721 1294 obligationem,
742 1221 805 1294 quia
818 1221 958 1293 pecuumnt
976 1232 1033 1278 nou
1044 1219 1118 1276 lecit

155 1305 324 1378 accipientis,
347 1302 463 1376 ideoque
478 1302 603 1360 vindicari
617 1297 737 1362 nummi³
752 1311 880 1377 possunt,
901 1301 986 1360 sicubi
1000 1311 1117 1362 meent:

154 1388 203 1444 sed
218 1389 240 1444 si
254 1389 373 1457 nummi,
395 1403 464 1460 quos
479 1396 588 1443 mutuos
609 1386 699 1458 dedit,
720 1386 751 1443 ab
767 1403 816 1459 co,
836 1388 884 1460 qui
899 1387 1021 1460 aceepit,
1039 1385 1117 1444 bona

155 1469 207 1528 tide
222 1472 375 1546 consumpti
394 1479 474 1542 sunt,
495 1470 599 1528 condiri
620 1480 751 1544 possunt,
771 1473 793 1526 si
816 1470 883 1526 mala
899 1468 967 1538 fide,
987 1469 1020 1525 ad
1034 1470 1115 1526 exhi·

154 1555 271 1612 bendum
287 1555 319 1613 de
333 1556 375 1611 his
390 1557 434 1629 agi
448 1563 548 1628 potest.
586 1563 612 1609 at
627 1571 658 1609 er
677 1555 813 1611 contrario
833 1570 927 1609 ornnes
946 1569 990 1608 res
1004 1553 1114 1626 pupillo

155 1647 183 1696 et
196 1638 313 1713 pupillae
327 1641 386 1694 sine
402 1640 500 1694 tutoris
512 1640 672 1694 auctoritate
683 1646 756 1694 recte
771 1637 828 1693 dari
841 1644 966 1711 possunt.
992 1635 1114 1710 ideoque

154 1724 178 1778 si
200 1721 306 1778 debitor
327 1720 431 1795 pupillo
454 1721 557 1794 solvat,
583 1723 731 1777 necessaria
756 1730 799 1778 est
825 1723 924 1777 tutoris
947 1721 1113 1778 auctoritas:

156 1805 276 1878 auoqmn
289 1820 345 1866 nen
359 1803 529 1866 liberabitur..
561 1804 609 1862 sed
624 1807 702 1860 etiam
722 1806 775 1862 boc
794 1804 992 1864 euidentissime
1004 1807 1114 1862 ratione

155 1895 288 1950 maenum
309 1889 398 1946 estin
418 1890 628 1959 constitutione,
649 1905 727 1962 quant
746 1889 777 1948 ad
793 1887 984 1946 Cuesureenses
998 1887 1114 1947 advoca·

154 1979 199 2030 tos
214 1987 248 2029 ex
268 1974 446 2048 suggestione
465 1972 634 2043 Triboniani,
652 1974 702 2030 viri
718 1973 935 2046 eminentissimi,
955 1975 1113 2044 quaestoris

156 2058 223 2116 sacri
236 2056 326 2131 palatii
346 2057 449 2127 nostri,
471 2050 730 2131 promulgavimus,4
749 2073 804 2129 qua,
817 2057 977 2130 dispositum
992 2063 1048 2126 est,
1066 2057 1112 2115 *ita

155 2139 236 2200 licere
248 2142 333 2199 tutori
345 2140 388 2200 vel
399 2142 520 2197 curatori
530 2141 678 2198 debitorem
686 2140 844 2215 pupillarem
859 2140 974 2214 solvere,
989 2147 1020 2195 ut
1032 2138 1111 2214 prius

156 2226 288 2280 sententia
308 2223 438 2283 iudicialis
457 2225 515 2282 sine
535 2227 608 2282 omni
628 2225 725 2282 damno
739 2224 870 2280 celebrata
890 2223 943 2279 hcc
964 2225 1112 2296 permittat

156 2323 211 2379 quo
227 2306 392 2378 subsecuto,
409 2309 475 2368 siet
489 2308 569 2364 iudex
588 2309 803 2381 pronuntiaverit
822 2317 850 2363 et
865 2306 972 2364 debitor
985 2307 1111 2381 solverit,

75 2407 77 2412 ·
156 2397 286 2462 sequatur
296 2389 449 2446 huiusmodi
461 2391 787 2464 solutionemplenissima
798 2393 937 2448 securitas.
968 2393 1108 2448 sinautem

156 2473 234 2529 aliter
248 2489 327 2545 quarn
346 2473 526 2545 disposuimus
545 2474 647 2530 solutio
661 2474 730 2530 laeta
749 2474 831 2531 luerit
849 2483 877 2532 et
894 2476 1034 2548 pecuniam
1047 2473 1109 2532 sal·

156 2571 214 2614 vam
228 2555 324 2612 lrabeat
338 2557 458 2630 pupillus
471 2565 516 2614 aut
531 2573 564 2613 en
579 2573 609 2616 ea
628 2557 789 2631 locupletior
802 2559 839 2614 sit
853 2566 881 2614 et
896 2558 983 2636 adbuc
998 2557 1111 2618 eandem

156 2649 285 2700 summam
300 2641 428 2714 pecuniae
437 2648 525 2714 ¹petat,
541 2657 590 2714 per
604 2642 790 2714 exceptionem
801 2641 857 2700 doli
871 2641 934 2700 mali
947 2645 1109 2701 summoneri

155 2725 272 2800 poterit:
289 2723 386 2797 quodsi
401 2733 448 2782 ant
461 2725 530 2781 male
541 2726 739 2798 consumpserit
753 2733 800 2782 aut
811 2724 884 2784 furto
900 2727 1027 2795 amiserit,
1042 2725 1108 2784 nuti

155 2807 277 2882 proderit
291 2807 408 2866 debitori
428 2807 485 2866 doli
499 2808 560 2867 ruali
580 2809 718 2882 exceptio,
738 2808 785 2864 sed
800 2809 884 2866 nihilo
899 2811 987 2866 ninus
1002 2808 1103 2866 temno

155 2891 244 2964 bitur,
266 2894 328 2966 quia
343 2901 443 2949 temere
463 2893 521 2948 sine
543 2893 642 2948 tutoris
662 2894 821 2951 anctoritate
840 2899 941 2950 elnon
961 2892 1107 2951 seeundum

155 2983 276 3032 nostram
292 2977 496 3048 dispositionem
511 2975 634 3032 solverit.
663 2974 711 3032 sed
726 2992 757 3032 er
773 2976 876 3032 diverso
891 2975 987 3050 pupilli
1002 2975 1043 3032 vel
1057 2993 1102 3050 pu-

154 3058 234 3132 pillae
249 3060 355 3115 solvere
370 3062 427 3115 sine
443 3067 535 3116 tutore
551 3068 661 3116 auctore
675 3076 730 3116 uon
744 3069 876 3134 possunt,
896 3061 956 3133 qula
971 3058 1015 3131 id,
1036 3059 1101 3132 quod

221 3269 244 3336 ¹)
262 3274 295 3323 L.
314 3275 338 3324 3.
357 3271 384 3326 0.
402 3273 434 3322 de
451 3273 507 3322 inre
525 3275 590 3324 eoru.
606 3275 665 3338 imp.
683 3271 718 3338 (8,
737 3276 772 3326 33
788 3277 820 3324 ad
840 3273 893 3336 ut).
966 3271 987 3338 ²)
1005 3273 1056 3326 t'nt'i.
1072 3293 1103 3314 ==

65 3381 66 3384 ,
156 3339 469 3398 (lul.2‚80⁴...82mut.
537 3338 1024 3404 ³)eodrl.inser.vindicerenuntntos
1034 3340 1104 3391 codd·

153 3413 203 3460 vet.
222 3407 262 3458 ed.
280 3405 331 3458 Kr.
398 3403 420 3468 ⁴)
439 3407 471 3455 L.
490 3407 531 3456 25.
548 3406 578 3461 0.
597 3409 628 3457 dc
646 3410 710 3457 adm.
730 3414 775 3458 trel.
794 3404 830 3472 (b,
847 3405 899 3470 tt).
