2472 3896
149 167 191 232 28
341 184 445 228 oureus
462 183 545 219 uoms
561 181 671 218 runnu
686 181 804 218 rrrrnnn
821 168 843 230 Ι,
861 169 902 222 22.

150 327 250 396 veniat,
273 325 324 398 ipsi
347 324 466 398 quidem,
488 324 534 396 qui
555 340 616 380 cum
638 324 680 379 bis
694 323 869 393 contrahunt,
891 321 1058 396 obligantur,
1083 329 1120 378 at

119 411 263 466 tinvicem
284 408 380 482 pupilli
401 424 455 464 non
477 405 640 481 obligantur.
686 400 798 480 1l‘leque
820 414 909 463 tamen
930 405 1117 463 hereditatem
1208 417 1209 430 ¹

151 493 225 548 adire
240 508 328 565 neque
343 491 477 547 bonorum
498 493 697 564 possessionem
716 500 808 565 petere
829 507 917 564 neque
931 490 1116 546 hereditatem

151 592 185 632 er
201 575 407 632 fideicommisso
421 576 558 648 suscipere
572 574 650 630 aliter
664 582 781 648 possunt
800 575 852 630 nisi
873 574 973 630 tutoris
987 576 1114 630 auctori-

118 668 133 716 2
153 667 218 731 tate,
234 661 353 733 quamvis
370 658 477 714 lucrosa
492 661 528 714 sit
542 675 630 732 neque
644 658 729 714 ullum
746 657 871 713 damnum
886 657 989 714 babeat.
1019 657 1116 714 Tutor

152 751 241 798 autem
262 744 351 799 statim
371 745 399 797 iu
419 744 480 816 ipso
501 743 613 817 negotio
634 757 760 816 praesens
781 742 862 799 debet
880 751 974 798 auctor
988 739 1062 812 lieri,
1089 744 1116 798 si

151 826 205 884 boe
219 827 324 902 pupillo
339 827 469 900 prodesse
485 827 682 886 existimaverit.
720 833 782 898 post
797 833 903 898 tempus
917 841 981 881 vero
996 833 1044 880 aut
1057 843 1116 898 per

118 921 134 970 3
151 911 292 983 epistulam
312 912 473 984 interposita
493 909 640 966 auctoritas
659 905 724 966 nihil
745 910 810 983 agit.
842 903 890 965 ²st
904 911 974 965 inter
989 916 1117 966 tutorem

150 994 314 1068 pupillumve
328 995 457 1050 iudicium
470 992 603 1066 agendum
618 995 664 1064 sit,
680 993 742 1066 quia
757 995 816 1066 ipse
830 1000 906 1049 tutor
920 993 948 1047 in
962 1007 1018 1048 rem
1031 1009 1115 1050 suam

150 1087 245 1135 auctor
267 1094 326 1135 esse
347 1094 401 1133 non
422 1084 527 1150 potest,
549 1092 604 1131 non
618 1077 769 1151 praetorius
785 1084 876 1148 tutor,
896 1084 928 1132 ut
943 1075 1022 1146 olim,
1043 1093 1115 1132 con-

151 1164 290 1234 stituitur,
313 1161 361 1216 sed
382 1168 492 1216 curator
511 1159 643 1216 inlocum
659 1161 717 1216 eius
732 1159 820 1232 datur,
842 1177 897 1234 quo
912 1161 1116 1217 interveniente

151 1246 282 1303 iudicium
297 1245 438 1319 peragitur
451 1252 480 1300 et
494 1259 526 1299 eo
541 1252 651 1317 peracto
667 1252 776 1301 curator
791 1260 852 1300 esse
866 1244 974 1300 desinit.

553 1489 612 1530 rur.
630 1488 708 1528 xxn.

328 1589 462 1654 QUIBUS
479 1588 593 1641 MODIS
610 1589 755 1641 TUTELA
772 1589 931 1642 FINITUR.

104 1755 140 1794 pr,
215 1729 315 1802 Pupilli
335 1727 507 1802 pupillasque
529 1743 589 1784 cum
611 1725 725 1800 puberes
754 1743 814 1784 esse
841 1730 994 1802 coeperint,
1023 1731 1112 1788 tutela

154 1812 311 1870 liberantur.
347 1811 516 1885 pubertatem
537 1817 625 1866 autem
648 1819 751 1866 veteres
767 1811 873 1888 quidem
895 1829 950 1868 non
965 1812 1053 1869 solum
1076 1831 1111 1870 ex

154 1898 240 1967 annis,
256 1895 303 1951 sed
319 1897 398 1951 etiam
415 1911 447 1950 er
461 1893 553 1950 babitu
569 1895 691 1967 corporis
706 1896 733 1950 in
748 1896 872 1950 masculis
887 1898 1022 1952 aestimari
1037 1897 1110 1954 vole·

154 1980 227 2038 bant.
257 1987 350 2036 nostra
365 1986 454 2034 autem
468 1980 591 2034 maiestas
610 1977 721 2051 dignum
742 1994 802 2035 esse
818 1981 942 2036 castitate
956 1989 1109 2055 temporum

154 2073 311 2121 nostrorum
325 2063 395 2119 bene
408 2063 526 2136 putavit,
548 2061 621 2135 quod
642 2063 669 2116 in
690 2060 796 2118 feminis
814 2070 842 2118 et
857 2065 973 2137 antiquis
995 2065 1110 2138 impudi-

156 2166 217 2208 cum
232 2164 292 2205 esse
307 2149 394 2203 visum
409 2153 461 2217 est,
482 2145 510 2204 id
530 2154 571 2202 est
586 2147 780 2220 inspectionem
795 2145 958 2203 habitudinis
975 2150 1108 2222 corporis,

155 2233 207 2288 hoc
221 2233 301 2288 etiam
315 2233 343 2286 in
358 2231 490 2286 masculos
506 2229 663 2286 extendere:
684 2238 712 2286 et
733 2229 795 2285 ideo
809 2239 900 2287 sancta
914 2233 1108 2288 constitutione
1208 2257 1209 2262 ¹

155 2307 347 2390 promulgaturi
368 2313 534 2387 pubertatem
556 2315 585 2370 in
607 2313 730 2370 masculis
752 2321 817 2387 post
838 2323 962 2389 quartum
976 2315 1109 2373 decimum
1208 2339 1209 2396 ἦ

155 2415 253 2454 annum
267 2397 430 2471 completum
445 2397 517 2452 illico
531 2398 636 2452 initium
651 2399 772 2470 accipere
786 2397 978 2472 disposuimus,
994 2401 1109 2472 antiqui·

155 2483 220 2538 tatis
234 2497 355 2537 normam
374 2482 403 2536 in
422 2479 556 2536 femininis
577 2481 702 2553 personis
721 2478 790 2536 bene
811 2483 926 2555 positam
941 2499 991 2538 suo
1015 2482 1109 2540 ordinm
1208 2507 1209 2528 κ

155 2565 350 2638 relinquentes,
373 2572 403 2620 ut
424 2573 487 2639 post
509 2563 697 2620 duodecimum
713 2579 811 2620 anuum
826 2565 990 2640 completum
1011 2568 1109 2640 viripo·
1208 2573 1209 2642 l

123 2655 244 2705 ttentes
276 2664 336 2704 esse
362 2648 514 2704 credantur.
560 2639 648 2702 4lteur
676 2645 770 2703 finitur
798 2648 896 2719 tutela,
935 2652 959 2706 si
975 2650 1108 2724 ¹adrogati

156 2735 210 2790 sint
236 2731 323 2788 adhuc
349 2731 501 2806 impuberes
530 2731 571 2786 vel
592 2730 740 2803 deportati:
769 2732 833 2787 item
861 2734 883 2788 si
905 2734 932 2788 in
953 2735 1110 2790 servitutem

155 2817 275 2893 pupillus
296 2816 451 2891 redigatur,
474 2823 505 2872 ut
526 2817 648 2888 ingratus
671 2830 686 2869 a
707 2809 848 2887 patrono,⁵
869 2816 911 2872 vel
932 2816 964 2872 ab
986 2817 1111 2874 hostibus
1208 2807 1209 2848 ³

156 2982 357 2992 ———-——--

225 3095 245 3164 ¹)
263 3099 302 3160 ἕξ.
322 3099 346 3150 1.
365 3099 390 3150 2.
406 3097 553 3160 sere=L.
572 3097 597 3146 9.
616 3093 654 3155 ἐξ.
673 3097 777 3149 3...6.
797 3097 829 3146 D.
848 3097 880 3145 de
897 3101 994 3150 auctor,
1013 3096 1064 3161 (to,
1082 3095 1110 3160 8)
1208 3117 1209 3126 ’

157 3181 192 3216 eae
211 3166 268 3216 dati
284 3167 300 3214 i.
319 3165 351 3213 12
369 3165 406 3223 ad
421 3167 461 3215 ed.
476 3179 549 3229 prov.
617 3159 638 3226 ²)
656 3161 696 3225 Of.
717 3163 772 3213 Gai.
794 3163 893 3226 1,184.
960 3161 981 3226 ³)
999 3163 1031 3214 L.
1044 3167 1067 3217 3.
1080 3163 1109 3218 G.
1208 3169 1209 3172 ’

157 3234 257 3298 quondo
275 3237 320 3282 tut.
338 3249 360 3286 o.
378 3247 431 3280 cur.
449 3246 503 3282 esse
521 3229 557 3297 (ὅ,
575 3227 626 3295 60).
694 3227 715 3292 ⁴)
734 3230 773 3292 Of.
788 3230 817 3279 t.
837 3231 869 3279 14
885 3245 926 3293 pr.
944 3230 968 3289 §-
987 3234 1010 3280 1.
1027 3231 1059 3283 D.
1077 3231 1109 3281 de

157 3303 225 3349 tutet.
244 3299 295 3360 (id,
316 3298 341 3360 1)
359 3313 395 3348 ear
414 3297 471 3362 Uip.
491 3302 507 3348 l.
522 3300 554 3349 37
572 3300 608 3348 od
624 3296 684 3348 Sub.
754 3295 775 3360 ⁶)
794 3299 824 3346 ut
841 3297 911 3360 ingr.
931 3312 947 3345 a
965 3302 1038 3360 petr.
1059 3296 1110 3346 ΤΒ

158 3364 307 3429 (dictamen
326 3371 387 3428 post
410 3362 577 3430 servitutem)
603 3365 712 3430 Tbeopi.
737 3379 783 3415 om.
805 3364 865 3428 Dia.
886 3364 911 3412 P
931 3365 1023 3428 aliique
1043 3366 1111 3414 mutet

156 3433 233 3495 infer,
251 3434 307 3483 edd.
326 3431 399 3482 Scir.
417 3440 442 3482 et
458 3433 509 3483 Kr.
537 3461 538 3468 κ
