<?xml version="1.0" encoding="UTF-8"?>
<!DOCTYPE html PUBLIC "-//W3C//DTD XHTML 1.0 Transitional//EN"
    "http://www.w3.org/TR/xhtml1/DTD/xhtml1-transitional.dtd">
<html xmlns="http://www.w3.org/1999/xhtml" xml:lang="en" lang="en">
 <head>
  <title>
</title>
<meta http-equiv="Content-Type" content="text/html;charset=utf-8" />
  <meta name='ocr-system' content='tesseract 3.04.00' />
  <meta name='ocr-capabilities' content='ocr_page ocr_carea ocr_par ocr_line ocrx_word'/>
</head>
<body>
  <div class='ocr_page' id='page_1' title='image "./impiustinianiin00huscgoog_0038.png"; bbox 0 0 2472 3896; ppageno 0'>
   <div class='ocr_carea' id='block_1_1' title="bbox 291 190 1104 254">
    <p class='ocr_par' dir='ltr' id='par_1_1' title="bbox 291 190 1104 254">
     <span class='ocr_line' id='line_1_1' title="bbox 291 190 1104 254; baseline 0.006 -14"><span class='ocrx_word' id='word_1_1' title='bbox 291 206 326 240; x_wconf 76' lang='lat' dir='ltr'><strong>ou</strong></span> <span class='ocrx_word' id='word_1_2' title='bbox 343 205 438 241; x_wconf 77' lang='lat' dir='ltr'><strong>raama</strong></span> <span class='ocrx_word' id='word_1_3' title='bbox 454 205 604 242; x_wconf 72' lang='lat' dir='ltr'><strong>eoruscare</strong></span> <span class='ocrx_word' id='word_1_4' title='bbox 622 220 655 229; x_wconf 97' lang='lat'>—</span> <span class='ocrx_word' id='word_1_5' title='bbox 672 207 707 242; x_wconf 84' lang='lat' dir='ltr'><strong>ou</strong></span> <span class='ocrx_word' id='word_1_6' title='bbox 725 194 901 253; x_wconf 80' lang='lat' dir='ltr'><strong>uurr11s1,9.</strong></span> <span class='ocrx_word' id='word_1_7' title='bbox 917 195 956 244; x_wconf 84' lang='grc'><strong>10.</strong></span> <span class='ocrx_word' id='word_1_8' title='bbox 1065 190 1104 254; x_wconf 86' lang='grc'><strong>13</strong></span> 
     </span>
    </p>
   </div>
   <div class='ocr_carea' id='block_1_2' title="bbox 138 345 1106 838">
    <p class='ocr_par' dir='ltr' id='par_1_2' title="bbox 138 345 1106 838">
     <span class='ocr_line' id='line_1_2' title="bbox 147 345 1104 422; baseline 0.001 -20"><span class='ocrx_word' id='word_1_9' title='bbox 147 345 207 402; x_wconf 74' lang='lat' dir='ltr'><strong>‘tur</strong></span> <span class='ocrx_word' id='word_1_10' title='bbox 221 347 273 422; x_wconf 85' lang='lat' dir='ltr'><strong>his,</strong></span> <span class='ocrx_word' id='word_1_11' title='bbox 287 347 332 418; x_wconf 89' lang='lat' dir='ltr'><strong>qui</strong></span> <span class='ocrx_word' id='word_1_12' title='bbox 348 347 418 402; x_wconf 90' lang='lat' dir='ltr'><strong>iuste</strong></span> <span class='ocrx_word' id='word_1_13' title='bbox 432 346 619 419; x_wconf 75' lang='lat' dir='ltr'><strong>deprecantur.</strong></span> <span class='ocrx_word' id='word_1_14' title='bbox 647 347 763 420; x_wconf 86' lang='lat' dir='ltr'><strong>ideoque</strong></span> <span class='ocrx_word' id='word_1_15' title='bbox 778 363 914 422; x_wconf 79' lang='lat' dir='ltr'><strong>cognosce</strong></span> <span class='ocrx_word' id='word_1_16' title='bbox 929 346 962 403; x_wconf 89' lang='lat' dir='ltr'><strong>de</strong></span> <span class='ocrx_word' id='word_1_17' title='bbox 978 347 1104 421; x_wconf 84' lang='lat' dir='ltr'><strong>querellis</strong></span> 
     </span>
     <span class='ocr_line' id='line_1_3' title="bbox 147 429 1106 504; baseline 0.002 -18"><span class='ocrx_word' id='word_1_18' title='bbox 147 429 266 501; x_wconf 72' lang='lat' dir='ltr'><strong>‘eornm</strong></span> <span class='ocrx_word' id='word_1_19' title='bbox 287 431 333 502; x_wconf 89' lang='lat' dir='ltr'><strong>qui</strong></span> <span class='ocrx_word' id='word_1_20' title='bbox 353 447 385 486; x_wconf 83' lang='lat' dir='ltr'><strong>er</strong></span> <span class='ocrx_word' id='word_1_21' title='bbox 404 430 502 486; x_wconf 81' lang='lat' dir='ltr'><strong>familia</strong></span> <span class='ocrx_word' id='word_1_22' title='bbox 516 429 575 487; x_wconf 90' lang='lat' dir='ltr'><strong>iulii</strong></span> <span class='ocrx_word' id='word_1_23' title='bbox 589 430 679 486; x_wconf 90' lang='lat' dir='ltr'><strong>Sabini</strong></span> <span class='ocrx_word' id='word_1_24' title='bbox 694 431 726 486; x_wconf 87' lang='lat' dir='ltr'><strong>ad</strong></span> <span class='ocrx_word' id='word_1_25' title='bbox 740 438 855 486; x_wconf 86' lang='lat' dir='ltr'><strong>statuam</strong></span> <span class='ocrx_word' id='word_1_26' title='bbox 871 431 1063 504; x_wconf 81' lang='lat' dir='ltr'><strong>confugerunt,</strong></span> <span class='ocrx_word' id='word_1_27' title='bbox 1079 439 1106 488; x_wconf 91' lang='lat' dir='ltr'><strong>et</strong></span> 
     </span>
     <span class='ocr_line' id='line_1_4' title="bbox 148 511 1105 590; baseline 0.001 -21"><span class='ocrx_word' id='word_1_28' title='bbox 148 511 186 569; x_wconf 74' lang='lat' dir='ltr'><strong>‘si</strong></span> <span class='ocrx_word' id='word_1_29' title='bbox 206 513 249 570; x_wconf 90' lang='lat' dir='ltr'><strong>vel</strong></span> <span class='ocrx_word' id='word_1_30' title='bbox 271 513 364 570; x_wconf 88' lang='lat' dir='ltr'><strong>durius</strong></span> <span class='ocrx_word' id='word_1_31' title='bbox 387 513 503 590; x_wconf 88' lang='lat' dir='ltr'><strong>habitos,</strong></span> <span class='ocrx_word' id='word_1_32' title='bbox 526 531 605 587; x_wconf 92' lang='lat' dir='ltr'><strong>quam</strong></span> <span class='ocrx_word' id='word_1_33' title='bbox 628 521 816 588; x_wconf 68' lang='lat' dir='ltr'><strong>aequumst,</strong></span> <span class='ocrx_word' id='word_1_34' title='bbox 839 514 879 570; x_wconf 91' lang='lat' dir='ltr'><strong>vel</strong></span> <span class='ocrx_word' id='word_1_35' title='bbox 902 515 993 570; x_wconf 81' lang='lat' dir='ltr'><strong>infami</strong></span> <span class='ocrx_word' id='word_1_36' title='bbox 1009 515 1105 571; x_wconf 90' lang='lat' dir='ltr'><strong>iniuria</strong></span> 
     </span>
     <span class='ocr_line' id='line_1_5' title="bbox 138 593 1105 672; baseline 0.002 -20"><span class='ocrx_word' id='word_1_37' title='bbox 138 593 270 654; x_wconf 55' lang='lat' dir='ltr'><strong>‘affectos</strong></span> <span class='ocrx_word' id='word_1_38' title='bbox 293 600 463 670; x_wconf 82' lang='lat' dir='ltr'><strong>cognoveris,</strong></span> <span class='ocrx_word' id='word_1_39' title='bbox 485 600 570 654; x_wconf 90' lang='lat' dir='ltr'><strong>veniri</strong></span> <span class='ocrx_word' id='word_1_40' title='bbox 585 597 657 670; x_wconf 89' lang='lat' dir='ltr'><strong>iube,</strong></span> <span class='ocrx_word' id='word_1_41' title='bbox 680 600 716 655; x_wconf 91' lang='lat' dir='ltr'><strong>ita</strong></span> <span class='ocrx_word' id='word_1_42' title='bbox 731 606 761 653; x_wconf 92' lang='lat' dir='ltr'><strong>ut</strong></span> <span class='ocrx_word' id='word_1_43' title='bbox 775 600 803 654; x_wconf 93' lang='lat' dir='ltr'><strong>in</strong></span> <span class='ocrx_word' id='word_1_44' title='bbox 818 606 981 672; x_wconf 88' lang='lat' dir='ltr'><strong>potestatem</strong></span> <span class='ocrx_word' id='word_1_45' title='bbox 1003 599 1105 655; x_wconf 91' lang='lat' dir='ltr'><strong>domini</strong></span> 
     </span>
     <span class='ocr_line' id='line_1_6' title="bbox 146 680 1105 755; baseline 0.001 -18"><span class='ocrx_word' id='word_1_46' title='bbox 146 681 215 738; x_wconf 81' lang='lat' dir='ltr'><strong>‘non</strong></span> <span class='ocrx_word' id='word_1_47' title='bbox 229 689 409 740; x_wconf 86' lang='lat' dir='ltr'><strong>revertantur.</strong></span> <span class='ocrx_word' id='word_1_48' title='bbox 439 684 487 755; x_wconf 86' lang='lat' dir='ltr'><strong>qui</strong></span> <span class='ocrx_word' id='word_1_49' title='bbox 500 680 623 748; x_wconf 88' lang='lat' dir='ltr'><strong>Sabinus,</strong></span> <span class='ocrx_word' id='word_1_50' title='bbox 645 684 668 737; x_wconf 90' lang='lat' dir='ltr'><strong>si</strong></span> <span class='ocrx_word' id='word_1_51' title='bbox 688 698 761 737; x_wconf 91' lang='lat' dir='ltr'><strong>meae</strong></span> <span class='ocrx_word' id='word_1_52' title='bbox 782 683 969 738; x_wconf 88' lang='lat' dir='ltr'><strong>constitutioni</strong></span> <span class='ocrx_word' id='word_1_53' title='bbox 985 682 1105 739; x_wconf 81' lang='lat' dir='ltr'><strong>fraudem</strong></span> 
     </span>
     <span class='ocr_line' id='line_1_7' title="bbox 146 764 933 838; baseline 0.001 -18"><span class='ocrx_word' id='word_1_54' title='bbox 146 764 265 838; x_wconf 85' lang='lat' dir='ltr'><strong>‘iecerit,</strong></span> <span class='ocrx_word' id='word_1_55' title='bbox 280 767 356 837; x_wconf 89' lang='lat' dir='ltr'><strong>sciet,</strong></span> <span class='ocrx_word' id='word_1_56' title='bbox 371 782 414 823; x_wconf 89' lang='lat' dir='ltr'><strong>me</strong></span> <span class='ocrx_word' id='word_1_57' title='bbox 428 765 571 821; x_wconf 88' lang='lat' dir='ltr'><strong>admissum</strong></span> <span class='ocrx_word' id='word_1_58' title='bbox 585 766 705 822; x_wconf 87' lang='lat' dir='ltr'><strong>severius</strong></span> <span class='ocrx_word' id='word_1_59' title='bbox 720 766 933 822; x_wconf 67' lang='lat' dir='ltr'><strong>exsecuturum?</strong></span> 
     </span>
    </p>
   </div>
   <div class='ocr_carea' id='block_1_3' title="bbox 408 977 848 1114">
    <p class='ocr_par' dir='ltr' id='par_1_3' title="bbox 408 977 848 1114">
     <span class='ocr_line' id='line_1_8' title="bbox 572 977 683 1018; baseline 0.009 -1"><span class='ocrx_word' id='word_1_60' title='bbox 572 977 629 1018; x_wconf 76' lang='lat' dir='ltr'><strong>utu.</strong></span> <span class='ocrx_word' id='word_1_61' title='bbox 641 977 683 1018; x_wconf 82' lang='lat' dir='ltr'><strong>IX.</strong></span> 
     </span>
     <span class='ocr_line' id='line_1_9' title="bbox 408 1060 848 1114; baseline 0 -2"><span class='ocrx_word' id='word_1_62' title='bbox 408 1063 458 1112; x_wconf 81' lang='lat' dir='ltr'><strong>DE</strong></span> <span class='ocrx_word' id='word_1_63' title='bbox 475 1061 607 1114; x_wconf 81' lang='lat' dir='ltr'><strong>PATRIA</strong></span> <span class='ocrx_word' id='word_1_64' title='bbox 623 1060 848 1114; x_wconf 71' lang='lat' dir='ltr'><strong>Porusrdru.</strong></span> 
     </span>
    </p>
   </div>
   <div class='ocr_carea' id='block_1_4' title="bbox 125 1177 1156 1675">
    <p class='ocr_par' dir='ltr' id='par_1_4' title="bbox 125 1177 1156 1675">
     <span class='ocr_line' id='line_1_10' title="bbox 125 1177 1156 1258; baseline -0.006 -19"><span class='ocrx_word' id='word_1_65' title='bbox 125 1251 128 1258; x_wconf 30' lang='grc' dir='ltr'>Ι</span> <span class='ocrx_word' id='word_1_66' title='bbox 214 1177 261 1240; x_wconf 82' lang='lat' dir='ltr'><strong>¹1n</strong></span> <span class='ocrx_word' id='word_1_67' title='bbox 281 1191 416 1258; x_wconf 75' lang='lat' dir='ltr'><strong>potestate</strong></span> <span class='ocrx_word' id='word_1_68' title='bbox 437 1192 530 1240; x_wconf 88' lang='lat' dir='ltr'><strong>nostra</strong></span> <span class='ocrx_word' id='word_1_69' title='bbox 551 1193 615 1239; x_wconf 91' lang='lat' dir='ltr'><strong>sunt</strong></span> <span class='ocrx_word' id='word_1_70' title='bbox 630 1182 705 1239; x_wconf 89' lang='lat' dir='ltr'><strong>liberi</strong></span> <span class='ocrx_word' id='word_1_71' title='bbox 720 1185 815 1254; x_wconf 83' lang='lat' dir='ltr'><strong>nostri,</strong></span> <span class='ocrx_word' id='word_1_72' title='bbox 833 1200 901 1257; x_wconf 91' lang='lat' dir='ltr'><strong>quos</strong></span> <span class='ocrx_word' id='word_1_73' title='bbox 917 1199 949 1240; x_wconf 82' lang='lat' dir='ltr'><strong>er</strong></span> <span class='ocrx_word' id='word_1_74' title='bbox 963 1185 1041 1238; x_wconf 89' lang='lat' dir='ltr'><strong>iustis</strong></span> <span class='ocrx_word' id='word_1_75' title='bbox 1056 1199 1106 1238; x_wconf 90' lang='lat' dir='ltr'><strong>uu·</strong></span> <span class='ocrx_word' id='word_1_76' title='bbox 1118 1192 1156 1234; x_wconf 77' lang='lat' dir='ltr'><strong>Pr.</strong></span> 
     </span>
     <span class='ocr_line' id='line_1_11' title="bbox 148 1265 1138 1344; baseline -0.006 -20"><span class='ocrx_word' id='word_1_77' title='bbox 148 1269 213 1342; x_wconf 90' lang='lat' dir='ltr'><strong>ptiis</strong></span> <span class='ocrx_word' id='word_1_78' title='bbox 241 1269 480 1344; x_wconf 87' lang='lat' dir='ltr'><strong>procreaverimus.</strong></span> <span class='ocrx_word' id='word_1_79' title='bbox 520 1265 633 1340; x_wconf 85' lang='lat' dir='ltr'><strong>Nuptiae</strong></span> <span class='ocrx_word' id='word_1_80' title='bbox 655 1275 743 1322; x_wconf 89' lang='lat' dir='ltr'><strong>autem</strong></span> <span class='ocrx_word' id='word_1_81' title='bbox 765 1269 822 1323; x_wconf 89' lang='lat' dir='ltr'><strong>sive</strong></span> <span class='ocrx_word' id='word_1_82' title='bbox 844 1268 1042 1323; x_wconf 80' lang='lat' dir='ltr'><strong>matrimonium</strong></span> <span class='ocrx_word' id='word_1_83' title='bbox 1064 1275 1106 1323; x_wconf 90' lang='lat' dir='ltr'><strong>est</strong></span> <span class='ocrx_word' id='word_1_84' title='bbox 1125 1272 1138 1318; x_wconf 92' lang='lat'>1</span> 
     </span>
     <span class='ocr_line' id='line_1_12' title="bbox 149 1349 1108 1418; baseline 0 -12"><span class='ocrx_word' id='word_1_85' title='bbox 149 1353 199 1408; x_wconf 86' lang='lat' dir='ltr'><strong>viri</strong></span> <span class='ocrx_word' id='word_1_86' title='bbox 223 1358 252 1406; x_wconf 91' lang='lat' dir='ltr'><strong>et</strong></span> <span class='ocrx_word' id='word_1_87' title='bbox 272 1349 392 1405; x_wconf 90' lang='lat' dir='ltr'><strong>mulieris</strong></span> <span class='ocrx_word' id='word_1_88' title='bbox 414 1351 583 1418; x_wconf 86' lang='lat' dir='ltr'><strong>coniunctio,</strong></span> <span class='ocrx_word' id='word_1_89' title='bbox 610 1349 770 1405; x_wconf 88' lang='lat' dir='ltr'><strong>individuam</strong></span> <span class='ocrx_word' id='word_1_90' title='bbox 792 1351 1015 1407; x_wconf 91' lang='lat' dir='ltr'><strong>consuetudinem</strong></span> <span class='ocrx_word' id='word_1_91' title='bbox 1037 1352 1108 1406; x_wconf 85' lang='lat' dir='ltr'><strong>vitae</strong></span> 
     </span>
     <span class='ocr_line' id='line_1_13' title="bbox 148 1425 1138 1506; baseline -0.002 -16"><span class='ocrx_word' id='word_1_92' title='bbox 148 1435 303 1493; x_wconf 87' lang='lat' dir='ltr'><strong>continens.</strong></span> <span class='ocrx_word' id='word_1_93' title='bbox 339 1425 401 1488; x_wconf 87' lang='lat' dir='ltr'><strong>²lus</strong></span> <span class='ocrx_word' id='word_1_94' title='bbox 424 1440 511 1487; x_wconf 90' lang='lat' dir='ltr'><strong>autem</strong></span> <span class='ocrx_word' id='word_1_95' title='bbox 533 1435 687 1506; x_wconf 88' lang='lat' dir='ltr'><strong>potestatis,</strong></span> <span class='ocrx_word' id='word_1_96' title='bbox 710 1433 783 1505; x_wconf 90' lang='lat' dir='ltr'><strong>quod</strong></span> <span class='ocrx_word' id='word_1_97' title='bbox 805 1435 832 1489; x_wconf 90' lang='lat' dir='ltr'><strong>in</strong></span> <span class='ocrx_word' id='word_1_98' title='bbox 852 1433 952 1489; x_wconf 89' lang='lat' dir='ltr'><strong>liberos</strong></span> <span class='ocrx_word' id='word_1_99' title='bbox 967 1433 1138 1505; x_wconf 81' lang='lat' dir='ltr'><strong>habemus,2</strong></span> 
     </span>
     <span class='ocr_line' id='line_1_14' title="bbox 150 1516 1105 1590; baseline 0.002 -19"><span class='ocrx_word' id='word_1_100' title='bbox 150 1519 290 1590; x_wconf 90' lang='lat' dir='ltr'><strong>proprium</strong></span> <span class='ocrx_word' id='word_1_101' title='bbox 305 1525 347 1572; x_wconf 91' lang='lat' dir='ltr'><strong>est</strong></span> <span class='ocrx_word' id='word_1_102' title='bbox 362 1518 456 1572; x_wconf 87' lang='lat' dir='ltr'><strong>civium</strong></span> <span class='ocrx_word' id='word_1_103' title='bbox 467 1516 662 1572; x_wconf 88' lang='lat' dir='ltr'><strong>Romanorum:</strong></span> <span class='ocrx_word' id='word_1_104' title='bbox 679 1516 745 1571; x_wconf 88' lang='lat' dir='ltr'><strong>nulli</strong></span> <span class='ocrx_word' id='word_1_105' title='bbox 761 1517 831 1572; x_wconf 91' lang='lat' dir='ltr'><strong>enim</strong></span> <span class='ocrx_word' id='word_1_106' title='bbox 846 1516 962 1572; x_wconf 87' lang='lat' dir='ltr'><strong>aliisunt</strong></span> <span class='ocrx_word' id='word_1_107' title='bbox 972 1518 1105 1589; x_wconf 89' lang='lat' dir='ltr'><strong>homines,</strong></span> 
     </span>
     <span class='ocr_line' id='line_1_15' title="bbox 151 1599 1104 1675; baseline 0.001 -19"><span class='ocrx_word' id='word_1_108' title='bbox 151 1603 197 1675; x_wconf 87' lang='lat' dir='ltr'><strong>qui</strong></span> <span class='ocrx_word' id='word_1_109' title='bbox 212 1601 292 1657; x_wconf 89' lang='lat' dir='ltr'><strong>talem</strong></span> <span class='ocrx_word' id='word_1_110' title='bbox 307 1601 334 1655; x_wconf 90' lang='lat' dir='ltr'><strong>in</strong></span> <span class='ocrx_word' id='word_1_111' title='bbox 348 1599 449 1656; x_wconf 87' lang='lat' dir='ltr'><strong>liberos</strong></span> <span class='ocrx_word' id='word_1_112' title='bbox 465 1599 578 1656; x_wconf 90' lang='lat' dir='ltr'><strong>habeant</strong></span> <span class='ocrx_word' id='word_1_113' title='bbox 592 1608 765 1673; x_wconf 86' lang='lat' dir='ltr'><strong>potestatem,</strong></span> <span class='ocrx_word' id='word_1_114' title='bbox 781 1600 885 1673; x_wconf 87' lang='lat' dir='ltr'><strong>qualem</strong></span> <span class='ocrx_word' id='word_1_115' title='bbox 901 1617 950 1656; x_wconf 89' lang='lat' dir='ltr'><strong>nos</strong></span> <span class='ocrx_word' id='word_1_116' title='bbox 965 1599 1104 1658; x_wconf 88' lang='lat' dir='ltr'><strong>habemus.</strong></span> 
     </span>
    </p>
   </div>
   <div class='ocr_carea' id='block_1_5' title="bbox 148 1677 1138 2094">
    <p class='ocr_par' dir='ltr' id='par_1_5' title="bbox 148 1677 1138 2094">
     <span class='ocr_line' id='line_1_16' title="bbox 150 1677 1138 1758; baseline 0 -18"><span class='ocrx_word' id='word_1_117' title='bbox 150 1677 225 1752; x_wconf 73' lang='lat' dir='ltr'><strong>3Qui</strong></span> <span class='ocrx_word' id='word_1_118' title='bbox 240 1685 326 1758; x_wconf 84' lang='lat' dir='ltr'><strong>igitur</strong></span> <span class='ocrx_word' id='word_1_119' title='bbox 340 1701 372 1740; x_wconf 85' lang='lat' dir='ltr'><strong>ex</strong></span> <span class='ocrx_word' id='word_1_120' title='bbox 387 1691 414 1740; x_wconf 89' lang='lat' dir='ltr'><strong>te</strong></span> <span class='ocrx_word' id='word_1_121' title='bbox 430 1692 458 1740; x_wconf 89' lang='lat' dir='ltr'><strong>et</strong></span> <span class='ocrx_word' id='word_1_122' title='bbox 473 1700 555 1740; x_wconf 86' lang='lat' dir='ltr'><strong>uxore</strong></span> <span class='ocrx_word' id='word_1_123' title='bbox 573 1692 619 1739; x_wconf 89' lang='lat' dir='ltr'><strong>tua</strong></span> <span class='ocrx_word' id='word_1_124' title='bbox 639 1684 768 1755; x_wconf 85' lang='lat' dir='ltr'><strong>nascitur,</strong></span> <span class='ocrx_word' id='word_1_125' title='bbox 791 1686 819 1740; x_wconf 90' lang='lat' dir='ltr'><strong>in</strong></span> <span class='ocrx_word' id='word_1_126' title='bbox 835 1691 880 1740; x_wconf 88' lang='lat' dir='ltr'><strong>tua</strong></span> <span class='ocrx_word' id='word_1_127' title='bbox 895 1693 1030 1758; x_wconf 88' lang='lat' dir='ltr'><strong>potestate</strong></span> <span class='ocrx_word' id='word_1_128' title='bbox 1046 1693 1102 1743; x_wconf 87' lang='lat' dir='ltr'><strong>est:</strong></span> <span class='ocrx_word' id='word_1_129' title='bbox 1123 1691 1138 1740; x_wconf 89' lang='lat'><strong>3</strong></span> 
     </span>
     <span class='ocr_line' id='line_1_17' title="bbox 148 1767 1104 1842; baseline 0 -18"><span class='ocrx_word' id='word_1_130' title='bbox 148 1771 214 1826; x_wconf 91' lang='lat' dir='ltr'><strong>item</strong></span> <span class='ocrx_word' id='word_1_131' title='bbox 230 1770 276 1842; x_wconf 89' lang='lat' dir='ltr'><strong>qui</strong></span> <span class='ocrx_word' id='word_1_132' title='bbox 288 1785 320 1824; x_wconf 86' lang='lat' dir='ltr'><strong>ex</strong></span> <span class='ocrx_word' id='word_1_133' title='bbox 335 1767 390 1823; x_wconf 88' lang='lat' dir='ltr'><strong>filio</strong></span> <span class='ocrx_word' id='word_1_134' title='bbox 406 1775 454 1823; x_wconf 92' lang='lat' dir='ltr'><strong>tuo</strong></span> <span class='ocrx_word' id='word_1_135' title='bbox 471 1777 498 1824; x_wconf 91' lang='lat' dir='ltr'><strong>et</strong></span> <span class='ocrx_word' id='word_1_136' title='bbox 513 1784 597 1824; x_wconf 83' lang='lat' dir='ltr'><strong>uxore</strong></span> <span class='ocrx_word' id='word_1_137' title='bbox 612 1769 670 1824; x_wconf 90' lang='lat' dir='ltr'><strong>eius</strong></span> <span class='ocrx_word' id='word_1_138' title='bbox 684 1769 813 1840; x_wconf 86' lang='lat' dir='ltr'><strong>nascitur,</strong></span> <span class='ocrx_word' id='word_1_139' title='bbox 836 1768 863 1824; x_wconf 92' lang='lat' dir='ltr'><strong>id</strong></span> <span class='ocrx_word' id='word_1_140' title='bbox 878 1777 920 1824; x_wconf 93' lang='lat' dir='ltr'><strong>est</strong></span> <span class='ocrx_word' id='word_1_141' title='bbox 934 1785 1019 1842; x_wconf 93' lang='lat' dir='ltr'><strong>nepos</strong></span> <span class='ocrx_word' id='word_1_142' title='bbox 1041 1776 1104 1826; x_wconf 92' lang='lat' dir='ltr'><strong>tuus</strong></span> 
     </span>
     <span class='ocr_line' id='line_1_18' title="bbox 148 1853 1105 1927; baseline 0.001 -19"><span class='ocrx_word' id='word_1_143' title='bbox 148 1861 177 1908; x_wconf 88' lang='lat' dir='ltr'><strong>et</strong></span> <span class='ocrx_word' id='word_1_144' title='bbox 198 1854 297 1926; x_wconf 90' lang='lat' dir='ltr'><strong>neptis,</strong></span> <span class='ocrx_word' id='word_1_145' title='bbox 319 1869 404 1926; x_wconf 91' lang='lat' dir='ltr'><strong>aeque</strong></span> <span class='ocrx_word' id='word_1_146' title='bbox 426 1853 453 1907; x_wconf 89' lang='lat' dir='ltr'><strong>io</strong></span> <span class='ocrx_word' id='word_1_147' title='bbox 475 1859 520 1908; x_wconf 91' lang='lat' dir='ltr'><strong>tua</strong></span> <span class='ocrx_word' id='word_1_148' title='bbox 542 1860 605 1908; x_wconf 89' lang='lat' dir='ltr'><strong>suut</strong></span> <span class='ocrx_word' id='word_1_149' title='bbox 627 1859 773 1925; x_wconf 85' lang='lat' dir='ltr'><strong>potestate,</strong></span> <span class='ocrx_word' id='word_1_150' title='bbox 797 1860 824 1908; x_wconf 92' lang='lat' dir='ltr'><strong>et</strong></span> <span class='ocrx_word' id='word_1_151' title='bbox 845 1869 983 1926; x_wconf 86' lang='lat' dir='ltr'><strong>pronepos</strong></span> <span class='ocrx_word' id='word_1_152' title='bbox 999 1861 1025 1908; x_wconf 88' lang='lat' dir='ltr'><strong>et</strong></span> <span class='ocrx_word' id='word_1_153' title='bbox 1041 1870 1105 1927; x_wconf 93' lang='lat' dir='ltr'><strong>pro·</strong></span> 
     </span>
     <span class='ocr_line' id='line_1_19' title="bbox 149 1934 1105 2010; baseline 0 -19"><span class='ocrx_word' id='word_1_154' title='bbox 149 1938 236 2010; x_wconf 88' lang='lat' dir='ltr'><strong>neptis</strong></span> <span class='ocrx_word' id='word_1_155' title='bbox 256 1944 284 1992; x_wconf 91' lang='lat' dir='ltr'><strong>et</strong></span> <span class='ocrx_word' id='word_1_156' title='bbox 303 1936 428 2009; x_wconf 87' lang='lat' dir='ltr'><strong>deinceps</strong></span> <span class='ocrx_word' id='word_1_157' title='bbox 449 1937 540 1992; x_wconf 86' lang='lat' dir='ltr'><strong>ceteri.</strong></span> <span class='ocrx_word' id='word_1_158' title='bbox 573 1937 618 2009; x_wconf 89' lang='lat' dir='ltr'><strong>qui</strong></span> <span class='ocrx_word' id='word_1_159' title='bbox 642 1945 727 1991; x_wconf 81' lang='lat' dir='ltr'><strong>tannen</strong></span> <span class='ocrx_word' id='word_1_160' title='bbox 743 1952 775 1991; x_wconf 82' lang='lat' dir='ltr'><strong>er</strong></span> <span class='ocrx_word' id='word_1_161' title='bbox 790 1934 843 1991; x_wconf 85' lang='lat' dir='ltr'><strong>iiiia</strong></span> <span class='ocrx_word' id='word_1_162' title='bbox 859 1944 905 1991; x_wconf 89' lang='lat' dir='ltr'><strong>tua</strong></span> <span class='ocrx_word' id='word_1_163' title='bbox 926 1936 1055 2010; x_wconf 89' lang='lat' dir='ltr'><strong>nascitur,</strong></span> <span class='ocrx_word' id='word_1_164' title='bbox 1078 1939 1105 1991; x_wconf 89' lang='lat' dir='ltr'><strong>in</strong></span> 
     </span>
     <span class='ocr_line' id='line_1_20' title="bbox 149 2020 781 2094; baseline 0.003 -19"><span class='ocrx_word' id='word_1_165' title='bbox 149 2028 195 2075; x_wconf 90' lang='lat' dir='ltr'><strong>tua</strong></span> <span class='ocrx_word' id='word_1_166' title='bbox 209 2027 344 2094; x_wconf 85' lang='lat' dir='ltr'><strong>potestate</strong></span> <span class='ocrx_word' id='word_1_167' title='bbox 359 2036 414 2075; x_wconf 89' lang='lat' dir='ltr'><strong>noo</strong></span> <span class='ocrx_word' id='word_1_168' title='bbox 430 2027 487 2092; x_wconf 86' lang='lat' dir='ltr'><strong>est,</strong></span> <span class='ocrx_word' id='word_1_169' title='bbox 509 2020 599 2076; x_wconf 90' lang='lat' dir='ltr'><strong>sedin</strong></span> <span class='ocrx_word' id='word_1_170' title='bbox 615 2021 698 2093; x_wconf 89' lang='lat' dir='ltr'><strong>patris</strong></span> <span class='ocrx_word' id='word_1_171' title='bbox 714 2021 781 2077; x_wconf 87' lang='lat' dir='ltr'><strong>etus.</strong></span> 
     </span>
    </p>
   </div>
   <div class='ocr_carea' id='block_1_6' title="bbox 518 2229 742 2367">
    <p class='ocr_par' dir='ltr' id='par_1_6' title="bbox 518 2229 742 2367">
     <span class='ocr_line' id='line_1_21' title="bbox 580 2229 677 2271; baseline 0.01 -1"><span class='ocrx_word' id='word_1_172' title='bbox 580 2229 637 2270; x_wconf 85' lang='lat' dir='ltr'><strong>urr.</strong></span> <span class='ocrx_word' id='word_1_173' title='bbox 650 2230 677 2271; x_wconf 70' lang='lat' dir='ltr'><strong>m</strong></span> 
     </span>
     <span class='ocr_line' id='line_1_22' title="bbox 518 2315 742 2367; baseline 0.013 -3"><span class='ocrx_word' id='word_1_174' title='bbox 518 2315 568 2365; x_wconf 84' lang='lat' dir='ltr'><strong>DE</strong></span> <span class='ocrx_word' id='word_1_175' title='bbox 587 2315 742 2367; x_wconf 78' lang='lat' dir='ltr'>NUPTIIS.</span> 
     </span>
    </p>
   </div>
   <div class='ocr_carea' id='block_1_7' title="bbox 146 2436 1155 3012">
    <p class='ocr_par' dir='ltr' id='par_1_7' title="bbox 146 2436 1155 3012">
     <span class='ocr_line' id='line_1_23' title="bbox 214 2436 1155 2512; baseline 0.001 -21"><span class='ocrx_word' id='word_1_176' title='bbox 214 2436 299 2492; x_wconf 88' lang='lat' dir='ltr'><strong>iustas</strong></span> <span class='ocrx_word' id='word_1_177' title='bbox 313 2445 401 2493; x_wconf 89' lang='lat' dir='ltr'><strong>autem</strong></span> <span class='ocrx_word' id='word_1_178' title='bbox 412 2439 519 2511; x_wconf 90' lang='lat' dir='ltr'><strong>nuptias</strong></span> <span class='ocrx_word' id='word_1_179' title='bbox 533 2439 604 2492; x_wconf 87' lang='lat' dir='ltr'><strong>inter</strong></span> <span class='ocrx_word' id='word_1_180' title='bbox 618 2454 647 2493; x_wconf 92' lang='lat' dir='ltr'><strong>se</strong></span> <span class='ocrx_word' id='word_1_181' title='bbox 663 2439 732 2494; x_wconf 85' lang='lat' dir='ltr'><strong>cives</strong></span> <span class='ocrx_word' id='word_1_182' title='bbox 743 2437 855 2493; x_wconf 85' lang='lat' dir='ltr'><strong>Romani</strong></span> <span class='ocrx_word' id='word_1_183' title='bbox 870 2438 1043 2507; x_wconf 89' lang='lat' dir='ltr'><strong>contrahunt,</strong></span> <span class='ocrx_word' id='word_1_184' title='bbox 1060 2439 1106 2512; x_wconf 88' lang='lat' dir='ltr'><strong>qui</strong></span> <span class='ocrx_word' id='word_1_185' title='bbox 1119 2453 1155 2492; x_wconf 78' lang='lat' dir='ltr'><strong>rr.</strong></span> 
     </span>
     <span class='ocr_line' id='line_1_24' title="bbox 146 2519 1105 2595; baseline 0.002 -20"><span class='ocrx_word' id='word_1_186' title='bbox 146 2519 298 2577; x_wconf 87' lang='lat' dir='ltr'><strong>secundum</strong></span> <span class='ocrx_word' id='word_1_187' title='bbox 319 2529 460 2594; x_wconf 89' lang='lat' dir='ltr'><strong>praecepta</strong></span> <span class='ocrx_word' id='word_1_188' title='bbox 480 2521 572 2595; x_wconf 79' lang='lat' dir='ltr'><strong>legum</strong></span> <span class='ocrx_word' id='word_1_189' title='bbox 594 2528 704 2592; x_wconf 88' lang='lat' dir='ltr'><strong>coeunt,</strong></span> <span class='ocrx_word' id='word_1_190' title='bbox 726 2521 837 2577; x_wconf 90' lang='lat' dir='ltr'><strong>masculi</strong></span> <span class='ocrx_word' id='word_1_191' title='bbox 857 2521 963 2594; x_wconf 87' lang='lat' dir='ltr'><strong>quidem</strong></span> <span class='ocrx_word' id='word_1_192' title='bbox 978 2521 1105 2595; x_wconf 88' lang='lat' dir='ltr'><strong>puberes,</strong></span> 
     </span>
     <span class='ocr_line' id='line_1_25' title="bbox 151 2604 1106 2678; baseline 0.001 -19"><span class='ocrx_word' id='word_1_193' title='bbox 151 2604 264 2659; x_wconf 77' lang='lat' dir='ltr'><strong>feminae</strong></span> <span class='ocrx_word' id='word_1_194' title='bbox 286 2612 373 2658; x_wconf 90' lang='lat' dir='ltr'><strong>autem</strong></span> <span class='ocrx_word' id='word_1_195' title='bbox 395 2606 585 2678; x_wconf 88' lang='lat' dir='ltr'><strong>viripotentes,</strong></span> <span class='ocrx_word' id='word_1_196' title='bbox 609 2607 664 2661; x_wconf 88' lang='lat' dir='ltr'><strong>sive</strong></span> <span class='ocrx_word' id='word_1_197' title='bbox 685 2604 888 2678; x_wconf 78' lang='lat' dir='ltr'><strong>patresfamilias</strong></span> <span class='ocrx_word' id='word_1_198' title='bbox 907 2607 962 2660; x_wconf 88' lang='lat' dir='ltr'><strong>siut</strong></span> <span class='ocrx_word' id='word_1_199' title='bbox 976 2608 1032 2662; x_wconf 85' lang='lat' dir='ltr'><strong>sive</strong></span> <span class='ocrx_word' id='word_1_200' title='bbox 1046 2604 1106 2660; x_wconf 87' lang='lat' dir='ltr'><strong>tilii·</strong></span> 
     </span>
     <span class='ocr_line' id='line_1_26' title="bbox 152 2686 1105 2762; baseline 0.001 -19"><span class='ocrx_word' id='word_1_201' title='bbox 152 2687 274 2759; x_wconf 79' lang='lat' dir='ltr'><strong>familias,</strong></span> <span class='ocrx_word' id='word_1_202' title='bbox 298 2687 360 2741; x_wconf 93' lang='lat' dir='ltr'><strong>dum</strong></span> <span class='ocrx_word' id='word_1_203' title='bbox 376 2695 464 2743; x_wconf 89' lang='lat' dir='ltr'><strong>tamen</strong></span> <span class='ocrx_word' id='word_1_204' title='bbox 485 2686 644 2745; x_wconf 82' lang='lat' dir='ltr'><strong>filiifamilias</strong></span> <span class='ocrx_word' id='word_1_205' title='bbox 660 2698 688 2745; x_wconf 92' lang='lat' dir='ltr'><strong>et</strong></span> <span class='ocrx_word' id='word_1_206' title='bbox 702 2705 863 2746; x_wconf 85' lang='lat' dir='ltr'><strong>consensum</strong></span> <span class='ocrx_word' id='word_1_207' title='bbox 880 2687 995 2744; x_wconf 86' lang='lat' dir='ltr'><strong>habeant</strong></span> <span class='ocrx_word' id='word_1_208' title='bbox 1008 2705 1105 2762; x_wconf 90' lang='lat' dir='ltr'><strong>paren-</strong></span> 
     </span>
     <span class='ocr_line' id='line_1_27' title="bbox 151 2770 1105 2845; baseline 0 -18"><span class='ocrx_word' id='word_1_209' title='bbox 151 2781 218 2844; x_wconf 89' lang='lat' dir='ltr'><strong>tum,</strong></span> <span class='ocrx_word' id='word_1_210' title='bbox 234 2787 348 2845; x_wconf 87' lang='lat' dir='ltr'><strong>quorum</strong></span> <span class='ocrx_word' id='word_1_211' title='bbox 363 2772 391 2826; x_wconf 91' lang='lat' dir='ltr'><strong>in</strong></span> <span class='ocrx_word' id='word_1_212' title='bbox 405 2780 541 2844; x_wconf 87' lang='lat' dir='ltr'><strong>potestate</strong></span> <span class='ocrx_word' id='word_1_213' title='bbox 555 2781 627 2830; x_wconf 91' lang='lat' dir='ltr'><strong>sunt.</strong></span> <span class='ocrx_word' id='word_1_214' title='bbox 651 2789 712 2828; x_wconf 90' lang='lat' dir='ltr'><strong>narn</strong></span> <span class='ocrx_word' id='word_1_215' title='bbox 727 2773 779 2829; x_wconf 89' lang='lat' dir='ltr'><strong>hoc</strong></span> <span class='ocrx_word' id='word_1_216' title='bbox 793 2770 851 2828; x_wconf 89' lang='lat' dir='ltr'><strong>fieri</strong></span> <span class='ocrx_word' id='word_1_217' title='bbox 866 2770 963 2828; x_wconf 90' lang='lat' dir='ltr'><strong>debere</strong></span> <span class='ocrx_word' id='word_1_218' title='bbox 979 2781 1006 2826; x_wconf 88' lang='lat' dir='ltr'><strong>et</strong></span> <span class='ocrx_word' id='word_1_219' title='bbox 1022 2771 1105 2828; x_wconf 83' lang='lat' dir='ltr'><strong>civilis</strong></span> 
     </span>
     <span class='ocr_line' id='line_1_28' title="bbox 146 2855 1105 2928; baseline -0.002 -17"><span class='ocrx_word' id='word_1_220' title='bbox 146 2864 179 2911; x_wconf 82' lang='lat' dir='ltr'><strong>—et</strong></span> <span class='ocrx_word' id='word_1_221' title='bbox 200 2855 329 2912; x_wconf 87' lang='lat' dir='ltr'><strong>naturalis</strong></span> <span class='ocrx_word' id='word_1_222' title='bbox 345 2856 413 2910; x_wconf 87' lang='lat' dir='ltr'><strong>ratio</strong></span> <span class='ocrx_word' id='word_1_223' title='bbox 433 2855 527 2912; x_wconf 88' lang='lat' dir='ltr'><strong>suadet</strong></span> <span class='ocrx_word' id='word_1_224' title='bbox 542 2857 569 2913; x_wconf 91' lang='lat' dir='ltr'><strong>in</strong></span> <span class='ocrx_word' id='word_1_225' title='bbox 589 2865 703 2926; x_wconf 87' lang='lat' dir='ltr'><strong>tantum,</strong></span> <span class='ocrx_word' id='word_1_226' title='bbox 726 2866 756 2911; x_wconf 94' lang='lat' dir='ltr'><strong>nt</strong></span> <span class='ocrx_word' id='word_1_227' title='bbox 771 2857 874 2911; x_wconf 90' lang='lat' dir='ltr'><strong>iussum</strong></span> <span class='ocrx_word' id='word_1_228' title='bbox 894 2857 1013 2926; x_wconf 90' lang='lat' dir='ltr'><strong>parentis</strong></span> <span class='ocrx_word' id='word_1_229' title='bbox 1028 2871 1105 2928; x_wconf 90' lang='lat' dir='ltr'><strong>prae-</strong></span> 
     </span>
     <span class='ocr_line' id='line_1_29' title="bbox 152 2936 1105 3012; baseline 0 -17"><span class='ocrx_word' id='word_1_230' title='bbox 152 2938 246 2995; x_wconf 86' lang='lat' dir='ltr'><strong>cedere</strong></span> <span class='ocrx_word' id='word_1_231' title='bbox 260 2938 365 2995; x_wconf 89' lang='lat' dir='ltr'><strong>debeat.</strong></span> <span class='ocrx_word' id='word_1_232' title='bbox 396 2939 465 2994; x_wconf 91' lang='lat' dir='ltr'><strong>unde</strong></span> <span class='ocrx_word' id='word_1_233' title='bbox 481 2943 630 3012; x_wconf 90' lang='lat' dir='ltr'><strong>quaesitum</strong></span> <span class='ocrx_word' id='word_1_234' title='bbox 646 2948 698 3008; x_wconf 91' lang='lat' dir='ltr'><strong>est,</strong></span> <span class='ocrx_word' id='word_1_235' title='bbox 715 2957 748 2995; x_wconf 90' lang='lat' dir='ltr'><strong>an</strong></span> <span class='ocrx_word' id='word_1_236' title='bbox 763 2939 859 2994; x_wconf 80' lang='lat' dir='ltr'><strong>furiosi</strong></span> <span class='ocrx_word' id='word_1_237' title='bbox 874 2936 926 2993; x_wconf 87' lang='lat' dir='ltr'><strong>filia</strong></span> <span class='ocrx_word' id='word_1_238' title='bbox 942 2937 1044 2995; x_wconf 89' lang='lat' dir='ltr'><strong>nubere</strong></span> <span class='ocrx_word' id='word_1_239' title='bbox 1060 2947 1105 2995; x_wconf 87' lang='lat' dir='ltr'><strong>aut</strong></span> 
     </span>
    </p>
   </div>
   <div class='ocr_carea' id='block_1_8' title="bbox 39 3020 1104 3098">
    <p class='ocr_par' dir='ltr' id='par_1_8' title="bbox 39 3020 1104 3098">
     <span class='ocr_line' id='line_1_30' title="bbox 39 3020 1104 3098; baseline 0 -20"><span class='ocrx_word' id='word_1_240' title='bbox 39 3031 46 3044; x_wconf 85' lang='grc'><em>·</em></span> <span class='ocrx_word' id='word_1_241' title='bbox 151 3022 246 3079; x_wconf 83' lang='lat' dir='ltr'><strong>furiosi</strong></span> <span class='ocrx_word' id='word_1_242' title='bbox 262 3021 332 3078; x_wconf 86' lang='lat' dir='ltr'><strong>filius</strong></span> <span class='ocrx_word' id='word_1_243' title='bbox 347 3038 459 3078; x_wconf 83' lang='lat' dir='ltr'><strong>uxorem</strong></span> <span class='ocrx_word' id='word_1_244' title='bbox 479 3022 576 3080; x_wconf 87' lang='lat' dir='ltr'><strong>ducere</strong></span> <span class='ocrx_word' id='word_1_245' title='bbox 595 3024 702 3098; x_wconf 79' lang='lat' dir='ltr'><strong>possit?</strong></span> <span class='ocrx_word' id='word_1_246' title='bbox 723 3039 838 3096; x_wconf 89' lang='lat' dir='ltr'><strong>cumque</strong></span> <span class='ocrx_word' id='word_1_247' title='bbox 853 3038 936 3096; x_wconf 91' lang='lat' dir='ltr'><strong>super</strong></span> <span class='ocrx_word' id='word_1_248' title='bbox 950 3020 1005 3079; x_wconf 85' lang='lat' dir='ltr'><strong>filio</strong></span> <span class='ocrx_word' id='word_1_249' title='bbox 1020 3025 1104 3079; x_wconf 88' lang='lat' dir='ltr'><strong>varia·</strong></span> 
     </span>
    </p>
   </div>
   <div class='ocr_carea' id='block_1_9' title="bbox 151 3101 1103 3181">
    <p class='ocr_par' dir='ltr' id='par_1_9' title="bbox 151 3101 1103 3181">
     <span class='ocr_line' id='line_1_31' title="bbox 151 3101 1103 3181; baseline 0.003 -20"><span class='ocrx_word' id='word_1_250' title='bbox 151 3105 239 3178; x_wconf 87' lang='lat' dir='ltr'><strong>batur,</strong></span> <span class='ocrx_word' id='word_1_251' title='bbox 260 3115 354 3163; x_wconf 89' lang='lat' dir='ltr'><strong>nostra</strong></span> <span class='ocrx_word' id='word_1_252' title='bbox 367 3107 503 3180; x_wconf 88' lang='lat' dir='ltr'><strong>processit</strong></span> <span class='ocrx_word' id='word_1_253' title='bbox 516 3101 646 3179; x_wconf 74' lang='lat' dir='ltr'><strong>decisi04,</strong></span> <span class='ocrx_word' id='word_1_254' title='bbox 670 3125 722 3181; x_wconf 91' lang='lat' dir='ltr'><strong>qua</strong></span> <span class='ocrx_word' id='word_1_255' title='bbox 736 3108 897 3180; x_wconf 86' lang='lat' dir='ltr'><strong>permissum</strong></span> <span class='ocrx_word' id='word_1_256' title='bbox 913 3107 1002 3162; x_wconf 90' lang='lat' dir='ltr'><strong>estad</strong></span> <span class='ocrx_word' id='word_1_257' title='bbox 1017 3123 1103 3164; x_wconf 82' lang='lat' dir='ltr'><strong>erem·</strong></span> 
     </span>
    </p>
   </div>
   <div class='ocr_carea' id='block_1_10' title="bbox 151 3317 1105 3524">
    <p class='ocr_par' dir='ltr' id='par_1_10' title="bbox 151 3317 1105 3524">
     <span class='ocr_line' id='line_1_32' title="bbox 219 3317 1105 3386; baseline -0.002 -14"><span class='ocrx_word' id='word_1_258' title='bbox 219 3317 240 3385; x_wconf 87' lang='lat'><strong>¹)</strong></span> <span class='ocrx_word' id='word_1_259' title='bbox 257 3341 291 3362; x_wconf 86' lang='lat'><em>=</em></span> <span class='ocrx_word' id='word_1_260' title='bbox 304 3322 360 3372; x_wconf 74' lang='lat' dir='ltr'><strong>oar.</strong></span> <span class='ocrx_word' id='word_1_261' title='bbox 374 3324 396 3382; x_wconf 85' lang='lat'><strong>1,</strong></span> <span class='ocrx_word' id='word_1_262' title='bbox 411 3323 451 3372; x_wconf 81' lang='lat' dir='ltr'><strong>on.</strong></span> <span class='ocrx_word' id='word_1_263' title='bbox 470 3322 501 3370; x_wconf 76' lang='lat' dir='ltr'><strong>n.</strong></span> <span class='ocrx_word' id='word_1_264' title='bbox 515 3323 539 3370; x_wconf 84' lang='lat' dir='ltr'><strong>a.</strong></span> <span class='ocrx_word' id='word_1_265' title='bbox 554 3322 584 3375; x_wconf 84' lang='lat' dir='ltr'><strong>n.</strong></span> <span class='ocrx_word' id='word_1_266' title='bbox 598 3323 629 3370; x_wconf 73' lang='lat' dir='ltr'><strong>oe</strong></span> <span class='ocrx_word' id='word_1_267' title='bbox 641 3322 680 3370; x_wconf 77' lang='lat' dir='ltr'><strong>oo</strong></span> <span class='ocrx_word' id='word_1_268' title='bbox 691 3323 786 3386; x_wconf 70' lang='lat' dir='ltr'><strong>quesne</strong></span> <span class='ocrx_word' id='word_1_269' title='bbox 803 3318 838 3385; x_wconf 86' lang='lat'><strong>(1,</strong></span> <span class='ocrx_word' id='word_1_270' title='bbox 851 3320 888 3386; x_wconf 85' lang='lat' dir='ltr'><strong>o).</strong></span> <span class='ocrx_word' id='word_1_271' title='bbox 958 3318 980 3382; x_wconf 81' lang='lat'><strong>²)</strong></span> <span class='ocrx_word' id='word_1_272' title='bbox 998 3341 1031 3362; x_wconf 92' lang='lat'>=</span> <span class='ocrx_word' id='word_1_273' title='bbox 1049 3322 1105 3372; x_wconf 74' lang='lat' dir='ltr'><strong>uae.</strong></span> 
     </span>
     <span class='ocr_line' id='line_1_33' title="bbox 151 3386 1104 3453; baseline -0.002 -15"><span class='ocrx_word' id='word_1_274' title='bbox 151 3387 210 3438; x_wconf 78' lang='lat' dir='ltr'><strong>ibid.</strong></span> <span class='ocrx_word' id='word_1_275' title='bbox 229 3389 261 3438; x_wconf 84' lang='lat' dir='ltr'><strong>L.</strong></span> <span class='ocrx_word' id='word_1_276' title='bbox 279 3393 303 3440; x_wconf 87' lang='grc'><strong>3.</strong></span> <span class='ocrx_word' id='word_1_277' title='bbox 321 3392 363 3438; x_wconf 84' lang='lat' dir='ltr'><strong>cit.</strong></span> <span class='ocrx_word' id='word_1_278' title='bbox 448 3387 469 3451; x_wconf 80' lang='lat'><strong>³)</strong></span> <span class='ocrx_word' id='word_1_279' title='bbox 488 3387 534 3439; x_wconf 79' lang='lat' dir='ltr'><strong>Em</strong></span> <span class='ocrx_word' id='word_1_280' title='bbox 551 3389 583 3437; x_wconf 87' lang='lat' dir='ltr'><strong>L.</strong></span> <span class='ocrx_word' id='word_1_281' title='bbox 603 3389 627 3437; x_wconf 85' lang='lat'><strong>4.</strong></span> <span class='ocrx_word' id='word_1_282' title='bbox 645 3388 678 3440; x_wconf 87' lang='lat' dir='ltr'><strong>D.</strong></span> <span class='ocrx_word' id='word_1_283' title='bbox 698 3390 754 3442; x_wconf 88' lang='lat' dir='ltr'><strong>eod.</strong></span> <span class='ocrx_word' id='word_1_284' title='bbox 775 3389 833 3453; x_wconf 83' lang='lat' dir='ltr'><strong>Uip.</strong></span> <span class='ocrx_word' id='word_1_285' title='bbox 852 3391 867 3438; x_wconf 88' lang='lat' dir='ltr'><strong>l.</strong></span> <span class='ocrx_word' id='word_1_286' title='bbox 889 3389 998 3437; x_wconf 82' lang='lat' dir='ltr'><strong>linatit.</strong></span> <span class='ocrx_word' id='word_1_287' title='bbox 1083 3386 1104 3450; x_wconf 83' lang='lat'><strong>⁴)</strong></span> 
     </span>
     <span class='ocr_line' id='line_1_34' title="bbox 151 3455 645 3524; baseline 0.002 -19"><span class='ocrx_word' id='word_1_288' title='bbox 151 3455 182 3506; x_wconf 74' lang='lat' dir='ltr'><strong>L.</strong></span> <span class='ocrx_word' id='word_1_289' title='bbox 201 3455 242 3506; x_wconf 77' lang='lat'><strong>25.</strong></span> <span class='ocrx_word' id='word_1_290' title='bbox 262 3455 288 3506; x_wconf 84' lang='grc'><strong>0.</strong></span> <span class='ocrx_word' id='word_1_291' title='bbox 307 3457 339 3506; x_wconf 86' lang='lat' dir='ltr'><strong>de</strong></span> <span class='ocrx_word' id='word_1_292' title='bbox 356 3463 426 3520; x_wconf 80' lang='lat' dir='ltr'><strong>nupt.</strong></span> <span class='ocrx_word' id='word_1_293' title='bbox 446 3455 480 3524; x_wconf 84' lang='lat'><strong>(5,</strong></span> <span class='ocrx_word' id='word_1_294' title='bbox 498 3458 535 3516; x_wconf 80' lang='lat'><strong>4).</strong></span> <span class='ocrx_word' id='word_1_295' title='bbox 643 3477 645 3482; x_wconf 96' lang='lat'>·</span> 
     </span>
    </p>
   </div>
   <div class='ocr_carea' id='block_1_11' title="bbox 0 0 1240 3896">
    <p class='ocr_par' dir='ltr' id='par_1_11' title="bbox 0 0 1240 3896">
     <span class='ocr_line' id='line_1_35' title="bbox 0 0 1240 3896; baseline 0 0"><span class='ocrx_word' id='word_1_296' title='bbox 0 0 1240 3896; x_wconf 95' lang='lat' dir='ltr'><strong> </strong></span> 
     </span>
    </p>
   </div>
  </div>
 </body>
</html>
