2500 3890
209 239 285 281 Quen
298 239 351 275 curn
362 239 409 288 no,
427 239 475 282 our
489 240 518 274 rrr
529 239 631 274 aurens
642 240 787 276 noceantne
799 241 859 290 ssu,
872 233 923 280 eto.
935 226 987 289 IV,
1000 229 1024 280 7.
1067 223 1127 286 179

174 395 296 454 agamus:
313 396 374 434 narn
389 380 412 434 si
427 395 480 434 non
496 381 584 434 minus
599 382 626 435 iu
642 380 748 453 peculio
764 381 815 451 sit,
836 396 914 453 quam
929 382 1126 455 persequimur,

174 465 201 518 in
222 463 338 518 solidum
361 471 437 536 pater
458 462 614 519 dominusne
634 463 841 520 condemnatur:
863 466 885 519 si
905 481 969 520 vero
986 467 1071 521 minus
1086 466 1127 520 in·

173 549 312 619 veniatur,
336 555 447 601 eatenus
463 546 623 602 condemnat
637 547 733 620 index,
755 557 887 620 qnatenus
908 550 934 604 in
950 548 1055 622 peculio
1078 549 1123 604 sit.

174 630 399 704 quemadmodum
420 638 508 686 autern
528 631 662 703 peculium
685 630 804 705 intellegi
826 631 937 702 debeat,
959 649 1009 688 suo
1031 631 1124 688 ordine

172 730 368 788 proponemus.
403 713 468 768 item
483 714 506 768 si
522 714 554 770 de
570 713 633 769 dote
649 714 745 770 iudicio
761 716 856 771 mulier
870 724 945 788 agat,
961 715 1063 788 placet,
1081 731 1123 771 ea·
1142 709 1174 758 37

173 806 252 854 tenus
268 799 392 852 maritum
408 797 578 853 condemnari
594 797 707 866 debere,
729 805 859 870 qnatenus
875 798 961 854 iacere
977 800 1076 871 possit,
1098 799 1124 854 id

172 890 214 937 est
229 890 362 955 qnatenus
378 881 517 936 facultates
533 882 590 936 eins
604 882 753 954 patiuntur.
790 883 880 954 itaque
896 882 917 936 si
933 881 1003 937 dotis
1019 883 1125 955 quanti·

171 968 218 1021 iati
231 974 393 1020 concurrant
411 963 549 1019 facultates
562 966 627 1034 eius,
644 967 670 1019 in
686 964 800 1020 solidum
815 965 971 1020 damnatur:
988 967 1123 1032 siminus,

172 1056 335 1117 intantum,
359 1057 486 1120 quantum
502 1047 588 1104 iacere
603 1057 701 1121 potest.
737 1057 849 1122 propter
863 1051 1041 1104 retentionem
1057 1066 1124 1120 qno·

172 1149 224 1204 que
239 1132 312 1187 dotis
328 1132 452 1204 repetitio
472 1133 615 1187 minuitur:
635 1148 696 1187 nam
718 1131 752 1187 ob
772 1133 904 1205 impensas
919 1134 946 1187 in
961 1149 1004 1187 res
1019 1132 1122 1188 dotales

171 1217 255 1272 iactas
272 1217 367 1270 marito
383 1217 498 1271 retentio
516 1231 642 1271 concessa
661 1224 718 1289 est,
741 1218 802 1288 quia
818 1217 878 1289 ipso
893 1217 950 1271 iure
965 1217 1121 1271 necessariis

170 1299 324 1373 sumptibus
339 1299 387 1354 dos
403 1300 546 1364 minuitur,
568 1300 637 1354 sicut
658 1316 691 1354 ex
705 1298 846 1355 latioribus
861 1299 1029 1373 digestorum
1047 1299 1121 1354 libris

171 1399 338 1458 cognoscere
353 1375 445 1439 licet.¹
476 1381 526 1438 Sed
542 1391 570 1437 et
585 1384 607 1437 si
624 1383 682 1454 quis
705 1399 765 1438 cunr
784 1390 895 1455 parente
910 1400 959 1439 suo
975 1392 1122 1456 patronoue
1140 1379 1172 1427 38

171 1476 247 1540 agat,
271 1468 333 1522 item
353 1467 375 1521 si
396 1467 485 1522 socius
508 1483 569 1522 oum
590 1467 663 1522 socio
690 1465 788 1521 iudicio
812 1467 947 1521 societatis
968 1475 1045 1539 agat,
1066 1483 1121 1521 non

170 1552 232 1625 plns
247 1558 322 1606 actor
337 1551 526 1622 consequitur,
550 1565 627 1622 quarn
650 1548 814 1604 adversarius
837 1550 892 1605 cius
915 1548 1001 1606 iacere
1019 1557 1119 1622 potest.

171 1635 240 1690 idem
258 1641 314 1703 est,
336 1635 359 1688 si
382 1635 441 1705 quis
466 1651 496 1690 en
520 1634 663 1688 donatione
677 1649 725 1687 sna
742 1633 922 1691 conveniatur.
959 1629 1121 1706 Comprensa·
1139 1633 1172 1681 39

171 1721 260 1776 tiones
273 1733 382 1789 quoque
394 1719 534 1790 oppositae
551 1715 709 1789 pierumque
722 1714 853 1786 efficiunt,
869 1725 900 1771 nt
910 1718 997 1772 minus
1008 1719 1121 1789 quisque

170 1809 368 1874 consequatur,
391 1817 469 1872 qnam
492 1803 517 1855 ei
539 1799 681 1856 debeatur:
705 1816 819 1873 namque
838 1816 870 1855 ex
890 1799 962 1856 bono
983 1809 1009 1856 et
1024 1817 1121 1874 aequo,

170 1887 259 1942 hahita
278 1886 381 1940 ratione
402 1885 477 1955 eius,
500 1884 572 1957 quod
595 1885 707 1941 invicem
732 1893 849 1940 actorem
875 1901 906 1940 en
931 1884 1022 1941 eadem
1045 1902 1123 1942 causa

169 1977 307 2044 praestare
329 1975 485 2040 oporteret,
507 1970 534 2023 in
556 1967 690 2040 reliquum
711 1984 785 2037 enm,
808 1985 868 2024 curn
888 1985 942 2040 qno
962 1977 1049 2024 actum
1069 1976 1121 2039 est,

171 2053 348 2110 condemnare
368 2044 461 2120 licet,²
475 2053 545 2107 sicut
564 2052 616 2125 iam
637 2051 803 2109 dictumest.
848 2051 912 2106 Eum
929 2067 1052 2122 qnoque,
1076 2054 1120 2122 qni
1138 2051 1170 2099 40

170 2134 348 2194 creditoribus
371 2136 428 2190 suis
450 2133 528 2190 bonis
550 2136 646 2204 cessit,
669 2136 691 2189 si
713 2142 807 2207 postea
832 2133 929 2206 aliquid
953 2134 1120 2206 adquisierit,

171 2220 243 2294 quud
260 2220 386 2274 idoneum
401 2218 610 2273 emolumentum
632 2217 742 2288 habeat,
765 2233 797 2272 ex
818 2218 926 2290 integro
941 2218 968 2272 in
983 2216 1025 2285 id,
1048 2218 1121 2289 qnod

170 2305 259 2360 iacere
271 2311 371 2375 potest,
387 2301 534 2358 creditores
547 2317 605 2356 cnm
619 2318 651 2358 co
663 2301 848 2374 experiuntur:
863 2301 1036 2356 inhumanum
1052 2302 1120 2356 enirn

171 2397 227 2444 erat
242 2387 386 2460 spoliatum
401 2385 515 2441 fortunis
531 2386 586 2442 suis
601 2387 628 2440 in
644 2386 758 2442 solidum
774 2383 902 2440 damnari.

584 2597 640 2638 nlo.
652 2597 706 2639 VII.

203 2684 305 2747 ouon
323 2681 399 2733 cunr
416 2682 473 2745 n0,
494 2682 558 2745 oon
575 2682 614 2732 ru
631 2681 765 2732 smnus
783 2682 990 2734 eornsnnnn
1009 2680 1086 2746 nar,

324 2765 517 2815 nneomuno
533 2763 679 2814 suenone
696 2764 783 2815 nssn
801 2765 961 2819 Dromon.

234 2881 318 2956 ³Quia
331 2896 418 2942 tamen
429 2887 551 2959 superins
565 2888 726 2942 mentionem
739 2885 876 2941 habuimus
889 2886 921 2942 de
931 2888 1120 2958 actione,quae
1134 2898 1168 2939 er.

171 2975 197 3030 in
214 2973 348 3048 peculium
364 2968 593 3027 filiorumiamilias
608 2985 798 3042 servorumque
813 2971 916 3044 agitur:
939 2987 1006 3044 opus
1022 2978 1072 3040 est,
1091 2980 1121 3027 ut

237 3216 257 3284 ¹)
273 3222 389 3282 plerique
407 3219 480 3268 codd.
497 3218 574 3279 inser.
590 3215 700 3276 Yteopt.
718 3215 801 3266 liceat
819 3218 893 3266 codd.
911 3223 957 3266 vet.
976 3219 1033 3266 edd.
1046 3217 1119 3267 Scir.

168 3295 193 3338 et
209 3286 260 3336 Kr.
345 3283 366 3346 ²)
384 3285 409 3334 P
430 3283 621 3333 condemnaret
643 3282 698 3330 ΒΕ
710 3283 746 3332 W
761 3284 923 3333 condemnat
944 3285 984 3333 ed.
1006 3283 1056 3334 Kr.
1075 3285 1119 3333 uim

168 3362 239 3404 certa
261 3355 360 3403 ratione
386 3353 515 3403 sanandus
538 3355 621 3410 toccu,
648 3356 756 3399 attamen
779 3357 838 3400 ante
863 3351 935 3401 sicut
957 3345 1035 3412 facile
1052 3352 1118 3400 licet

168 3423 290 3471 concidere
310 3421 401 3483 potuit.
436 3419 469 3481 es.
494 3434 574 3481 snpra
596 3418 620 3478 §-
639 3419 671 3466 30
689 3423 714 3466 et
733 3416 787 3468 dat.
804 3420 829 3480 4,
848 3419 888 3467 61.
973 3416 994 3482 ³)
1011 3420 1066 3468 init.
1085 3439 1118 3460 ==

169 3488 224 3538 dat.
243 3490 272 3550 4,
292 3488 333 3540 69.

915 3565 967 3618 ln*
