2492 3896
316 207 352 240 nn
371 204 599 242 amaseni-raons
615 193 874 256 s1nssosuarli,13.
1036 191 1076 255 67

114 346 176 417 sit,
200 346 261 419 quia
282 345 386 402 scilicet
405 344 438 401 ab
459 347 535 400 initio
554 361 610 400 non
631 346 781 400 constiterit
795 353 993 403 testamentum.
1028 346 1078 404 sed

115 446 180 486 non
194 430 232 485 ita
248 429 281 485 de
302 427 406 484 filiabus
426 428 468 484 vel
489 428 546 484 aliis
568 445 618 501 per
632 428 731 484 virilem
746 444 838 485 sexum
853 429 1077 487 descendentibus

115 513 216 569 liberis
237 514 378 585 utriusque
397 528 477 568 sexus
498 512 585 568 iuerat
604 512 758 584 antiquitati
783 511 964 569 observatum:
986 512 1035 569 sed
1054 515 1076 569 si

116 613 180 653 non
196 596 302 652 inerant
323 596 437 651 heredes
458 596 551 668 scripti
573 597 720 668 scriptaeve
739 595 781 652 vel
801 597 953 652 exheredati
968 598 1077 653 exhere-

117 681 249 750 dataeve‚
265 687 455 736 testamentum
471 679 577 752 quidem
592 695 647 734 non
661 676 853 752 infirmabatur,
869 681 910 735 ius
926 688 1014 736 autem
1030 680 1077 737 ad-

117 763 264 820 crescendi
276 765 315 819 eis
327 763 358 818 ad
369 770 469 819 certam
483 763 636 835 portionem
650 761 842 834 praestabatur.
867 762 915 819 sed
930 781 980 821 nec
994 765 1078 820 nomi-

117 849 208 904 natim
227 863 271 902 eas
290 862 418 919 personas
440 846 600 901 exheredare
619 845 776 919 parentibus
802 863 912 902 necesse
936 854 1008 918 erat,
1030 847 1078 903 sed

118 929 222 987 licebat
238 937 265 985 et
279 931 349 984 inter
363 937 468 985 ceteros
479 929 532 985 boc
542 929 640 985 iacere.
673 921 849 984 ¹Nominatim
864 938 953 986 autem
968 931 1077 986 eabere·
1097 937 1110 985 1

120 1015 181 1070 dari
197 1015 256 1087 quis
278 1013 396 1084 videtur,
418 1013 475 1068 sive
494 1013 530 1067 ita
550 1012 728 1068 exheredetur
750 1012 855 1072 'imus
873 1029 977 1071 rioms
995 1029 1077 1072 ianus

119 1111 268 1155 exurens
288 1111 382 1168 nanc,
402 1097 458 1152 sive
478 1097 516 1152 ita
534 1111 637 1154 armus
658 1111 741 1154 unus
761 1113 901 1156 amnas
922 1111 1000 1156 asro
1023 1113 1078 1152 non

121 1181 232 1237 adiecto
260 1181 370 1253 proprio
397 1182 522 1252 nomine,
548 1180 651 1236 scilicet
671 1182 695 1235 si
717 1180 784 1236 alius
813 1179 884 1235 filius
912 1197 966 1237 non
994 1188 1076 1237 extet.

121 1258 263 1338 ²postumi
279 1279 388 1337 quoque
403 1262 480 1319 liberi
494 1262 536 1319 rel
551 1263 663 1318 heredes
677 1265 778 1320 institui
798 1263 896 1320 debent
912 1265 952 1321 vel
967 1266 1077 1321 exhere-

122 1349 193 1405 dari.
215 1356 243 1403 et
255 1348 282 1402 in
294 1363 326 1402 eo
338 1364 386 1420 par
397 1347 515 1401 omnium
523 1346 644 1402 condicio
656 1354 708 1417 est,
720 1344 793 1419 quod
806 1349 871 1404 etin
884 1345 938 1403 iilic
949 1356 1076 1421 postumo

123 1440 152 1488 et
169 1433 196 1486 in
211 1429 333 1502 quolibet
348 1447 381 1485 ex
395 1431 491 1485 ceteris
507 1429 596 1485 liberis
611 1431 665 1484 sive
680 1429 798 1486 feminini
812 1447 893 1486 sexus
904 1433 960 1487 sive
976 1447 1077 1488 mascu-

123 1515 173 1571 lini
189 1516 335 1588 praeterito
356 1513 427 1569 vaiet
447 1513 553 1586 quidem
573 1519 777 1584 testamentum,
799 1513 846 1568 sed
861 1521 956 1586 postea
978 1514 1078 1588 adgna-

124 1601 202 1654 tione
216 1599 335 1670 postumi
350 1597 404 1652 sive
418 1603 559 1669 postumae
574 1597 708 1669 rumpitur
728 1605 756 1652 et
771 1613 802 1653 ea
816 1597 921 1652 ratione
936 1605 1024 1653 totum
1038 1599 1078 1653 in·

125 1681 263 1737 firmatur:
286 1681 400 1752 ideoque
421 1679 444 1734 si
466 1679 570 1750 mulier,
594 1697 626 1736 er
648 1696 700 1753 qua
720 1689 863 1753 postumus
885 1689 933 1736 aut
953 1689 1077 1755 postuma

126 1764 298 1839 sperabatur,
322 1762 445 1819 abortum
465 1764 575 1835 iecerit,
597 1764 663 1819 nibil
677 1757 889 1837 impedimento³
909 1774 952 1822 est
969 1767 1077 1840 scriptis

126 1848 270 1906 heredibus
296 1848 329 1903 ad
356 1848 530 1903 hereditatem
556 1847 714 1904 adeundam.
758 1848 806 1906 sed
829 1848 947 1905 ieminini
971 1850 1078 1923 quidem

126 1950 207 1989 sexus
222 1947 353 2005 personae
367 1932 408 1986 vel
422 1933 578 1987 nominatim
593 1932 634 1986 vel
654 1933 725 1987 inter
739 1941 846 1989 ceteros
861 1933 1016 1989 exheredari
1030 1950 1078 1989 so-

126 2016 233 2086 lebant,
255 2015 317 2071 dum
332 2023 435 2085 tamen,
457 2015 480 2069 si
494 2015 566 2070 inter
580 2023 686 2070 ceteros
700 2015 910 2088 exheredentur‚
926 2016 1024 2088 aliquid
1039 2018 1078 2073 ets

128 2102 251 2174 legetur,
266 2115 300 2154 ne
314 2099 454 2154 videantur
467 2114 516 2171 per
531 2096 690 2153 oblivionem
705 2101 864 2171 praeteritae
879 2115 952 2169 esse,
974 2115 1078 2155 mascu-

128 2184 170 2240 ios
184 2199 247 2238 vero
262 2190 414 2254 postumus,
430 2181 457 2236 id
472 2189 514 2236 est
528 2179 610 2235 filium
626 2188 654 2236 et
668 2180 803 2254 deinceps,
817 2181 916 2253 placuit
930 2198 984 2238 non
1000 2182 1078 2238 aliter

128 2276 202 2324 recte
224 2265 390 2334 exheredari,
412 2265 465 2319 nisi
487 2265 640 2320 nominatim
662 2265 873 2336 exheredentur,
901 2266 953 2322 boo
974 2266 1078 2323 scilicet

129 2350 223 2406 modo:
240 2363 420 2414 ourouncun
434 2364 505 2404 anm
518 2363 623 2406 murus
640 2363 772 2406 emmaus
787 2365 915 2413 suanm,
937 2366 1077 2410 omasus

129 2449 217 2492 usuc.
246 2433 436 2488 Postumcrum
450 2440 538 2488 autem
553 2431 613 2487 loco
628 2441 691 2487 sunt
706 2439 733 2487 et
747 2433 789 2505 ht,
813 2434 858 2505 qui
873 2435 900 2488 in
914 2435 957 2490 sui
971 2433 1076 2490 heredis
1095 2440 1110 2488 2

130 2519 218 2575 iocum
229 2516 396 2573 succedendo
409 2517 484 2590 quasi
495 2515 679 2590 adgnascendo
694 2513 762 2571 iiunt
776 2515 929 2589 parentibus
944 2519 987 2574 sui
1000 2518 1077 2575 here·

131 2602 185 2658 des.
224 2608 254 2656 ut
268 2616 330 2656 ecce
344 2602 367 2655 si
382 2601 441 2673 quis
457 2597 540 2656 filium
555 2607 581 2655 ct
596 2615 628 2654 ex
643 2615 675 2655 eo
691 2608 817 2673 nepotem
833 2609 972 2674 neptemve
987 2602 1014 2656 in
1028 2618 1077 2676 po·

132 2692 226 2740 testate
247 2682 356 2754 habeat,
379 2685 440 2756 quia
460 2681 529 2739 iilius
549 2683 633 2756 gradu
653 2684 802 2756 praecedit,
829 2685 851 2739 is
872 2685 947 2740 solus
962 2687 1020 2741 iura
1035 2687 1076 2741 sui

130 2768 236 2824 heredis
246 2765 336 2837 babet,
351 2769 470 2841 quamvis
483 2783 568 2840 nepos
584 2783 691 2839 quoque
706 2776 733 2824 et
749 2769 836 2841 neptis
851 2783 926 2824 exeo
942 2770 970 2823 in
985 2767 1077 2823 eadem

131 2859 263 2926 potestate
278 2858 354 2905 sunt:
376 2850 423 2905 sed
439 2852 461 2906 si
476 2849 547 2906 filius
562 2852 620 2907 eius
634 2852 693 2906 vivo
709 2867 741 2906 eo
756 2852 886 2906 moriatur
901 2851 1078 2930 autqualibet

132 2935 180 2992 alia
194 2936 298 2990 ratione
319 2941 395 2989 excat
414 2934 447 2990 de
464 2941 600 3008 potestate
614 2935 688 3003 eius,
708 2935 801 3006 incipit
816 2949 901 3006 nepos
915 2935 1035 3007 neptisve
1050 2937 1078 2989 in

133 3021 187 3076 eius
202 3018 290 3074 iocum
306 3017 449 3074 succedere
464 3025 491 3073 et
506 3032 538 3074 eo
559 3018 639 3073 modo
661 3020 718 3074 iura
732 3034 843 3072 suorum
858 3017 987 3073 heredum
1003 3021 1078 3092 quasi

197 3245 217 3310 ¹)
234 3250 327 3310 partim
343 3267 377 3288 =
396 3246 452 3299 dat.
471 3248 499 3309 2,
519 3249 574 3300 12⁷.
660 3245 681 3307 ι)
698 3268 731 3289 =
751 3247 805 3302 Gai.
824 3250 850 3310 2,
869 3249 925 3302 130.
944 3250 999 3298 131.
1017 3256 1079 3300 reat.

134 3316 232 3368 ...tat
249 3321 309 3364 rest.
328 3315 390 3364 daec
408 3315 482 3364 etiam
504 3329 538 3364 ecc
555 3315 587 3362 L.
608 3316 647 3364 13.
665 3315 698 3367 D.
717 3315 748 3364 de
766 3315 858 3366 iniusto
875 3322 951 3379 rupto
970 3312 1024 3380 (28,
1043 3317 1079 3380 3).

133 3381 386 3500 ⁸)dinppedimentum
404 3397 438 3432 ex
455 3382 529 3432 codd.
547 3388 596 3435 oet.
610 3384 649 3436 ed.
662 3381 712 3435 Kr.
789 3380 811 3447 ⁴)
823 3381 885 3432 loco
897 3397 932 3432 eo
943 3385 1018 3434 codd.
1030 3391 1079 3435 cet.

133 3465 146 3500 e
165 3490 170 3502 .
216 3465 238 3500 r.

888 3531 928 3584 5*
