2500 3890
163 208 197 242 nn
209 206 449 255 oaoranaronxeos,
461 206 534 249 cuns
547 207 583 241 ex
595 206 711 242 oeercao
727 205 886 242 unacanrne
897 193 944 254 IV,
959 195 981 242 1.
1027 189 1085 254 157

131 349 302 420 antiquorum
322 347 495 421 prudentium
516 364 599 421 super
618 348 670 402 boc
685 347 872 403 altercationes
887 348 1085 422 perspeximus,

33 475 34 506 ,
132 431 289 506 quibusdam
301 447 388 503 neque
401 431 466 486 furti
483 447 570 503 neque
582 432 652 486 servi
669 433 790 505 corrupti
804 433 935 487 actionem
946 440 1086 505 praestan·

132 517 212 588 tibus,
235 515 393 588 quibusdam
409 515 474 583 furti
491 515 690 571 tantummodo:
714 532 763 571 nos
778 515 931 571 huiusmodi
947 515 1085 572 calliditati

132 599 233 656 obviam
249 608 355 671 euntes,
368 616 416 673 per
430 607 551 654 nostram
567 591 748 655 decisionem¹
763 601 911 669 sanximus,
927 617 982 656 non
997 601 1085 656 solum

131 685 193 740 iurti
211 685 356 753 actionem,
370 682 419 738 sed
436 684 513 738 etiam
525 684 595 738 servi
608 684 727 756 corrupti
746 690 840 739 contra
862 699 921 738 eum
937 683 1007 739 dari:
1023 684 1086 741 licet

130 770 200 823 enim
213 769 237 822 is
248 784 342 822 servus
354 767 472 822 deterior
487 783 501 820 a
518 767 695 823 sollicitatore
708 767 815 822 minime
832 767 917 822 iactus
929 776 1010 822 estet
1024 769 1085 824 ideo

130 869 183 908 non
198 859 363 907 concurrant
377 849 496 924 regulae,
512 867 580 922 quae
595 851 663 906 servi
680 852 800 923 corrupti
816 851 947 906 actionem
963 851 1086 908 introdu-

131 943 239 1007 cerent,
262 942 352 990 tamen
373 934 514 990 consilium
536 937 705 1007 corruptoris
726 934 757 990 ad
778 934 922 1008 perniciem
943 934 1085 1008 probitatis

31 1031 32 1038 ¹
130 1021 198 1075 servi
212 1018 398 1076 introductum
409 1026 470 1087 est,
494 1026 524 1076 ut
544 1020 579 1074 sit
598 1020 621 1073 ei
637 1018 758 1092 poenalis
773 1018 841 1073 actio
857 1019 998 1092 imposita,
1020 1027 1085 1075 tam

131 1120 207 1178 qnam
222 1119 254 1158 re
270 1105 326 1175 ipsa
341 1101 437 1160 luisset
451 1117 543 1157 servus
558 1110 718 1175 corruptus,
735 1118 768 1157 ne
784 1119 815 1158 ex
832 1102 984 1158 huiusmodi
998 1104 1084 1178 impu·

131 1190 213 1243 nitate
229 1194 259 1241 et
273 1187 300 1241 in
315 1186 395 1241 alium
410 1202 533 1257 servum,
549 1187 594 1259 qui
609 1187 696 1260 possit
711 1188 863 1259 corrumpi,
885 1185 938 1241 tale
953 1185 1054 1242 lacinus
1070 1203 1085 1242 a

131 1269 288 1344 quibusdam
307 1262 500 1344 pertentetur.²
533 1269 669 1326 laterclum
692 1272 769 1325 etiam
786 1270 931 1326 liberorum
946 1271 1084 1327 bominum
1102 1270 1118 1319 9

130 1354 231 1410 lurtum
247 1353 288 1423 lit,
303 1354 387 1408 veluti
397 1354 419 1408 si
432 1355 493 1425 quis
504 1352 649 1409 liberorum
665 1363 831 1426 nostrorum,
847 1355 893 1425 qui
909 1355 936 1409 in
948 1363 1085 1427 potestate

131 1448 222 1495 nostra
239 1430 335 1509 sunt,³
356 1435 501 1510 subreptus
522 1436 611 1492 luerit.
650 1436 798 1510 Aliquando
820 1437 1135 1494 antemetiamsuae10

130 1523 168 1579 rei
184 1523 299 1595 quisque
316 1521 417 1576 lurtum
429 1522 582 1586 committit,
598 1520 681 1576 veluti
696 1522 719 1576 si
730 1519 836 1575 debitor
852 1537 916 1590 rem,
934 1537 1011 1594 quam
1028 1539 1085 1577 cre·

131 1607 212 1662 ditori
227 1607 349 1679 pignoris
364 1621 442 1661 causa
458 1603 541 1675 dedit,
556 1604 726 1660 subtraxerit.

192 1689 329 1746 interdum
341 1689 406 1744 furti
423 1695 541 1758 tenetur,
557 1690 603 1761 qui
619 1689 677 1761 ipse
688 1688 790 1744 lurtum
802 1704 858 1743 nou
872 1687 980 1744 iecerit:
997 1689 1084 1761 qualis
1105 1691 1134 1737 ll

30 1757 32 1790 ²
131 1783 186 1846 est,
207 1774 284 1830 cuius
301 1789 352 1845 ope
368 1779 395 1828 et
416 1772 529 1829 consilio
545 1772 646 1828 lurtum
661 1772 762 1829 lactum
778 1779 828 1828 est.
858 1773 886 1828 in
901 1790 955 1845 quo
972 1790 1084 1830 numero

131 1868 181 1930 est,
196 1857 242 1930 qui
256 1856 303 1913 tibi
314 1872 437 1911 nummos
449 1858 577 1928 excussit,
593 1865 623 1912 ut
638 1856 704 1912 alius
721 1873 768 1912 eos
783 1865 899 1929 raperet,
918 1864 964 1912 aut
980 1856 1086 1914 obstitit

112 1941 191 2012 'tibi,
214 1950 245 1996 ut
265 1942 332 1996 alius
353 1957 408 1996 rem
430 1948 503 1996 tuam
523 1934 706 2015 surriperet,⁴
726 1941 768 1996 vel
784 1956 847 1995 oves
862 1949 909 1996 aut
925 1940 1007 1996 boves
1025 1949 1085 1997 tuas

132 2025 273 2100 legaverit,
289 2034 319 2080 ut
334 2024 402 2080 alios
419 2040 462 2079 eas
477 2025 628 2097 exciperet:
644 2032 671 2079 et
682 2024 735 2079 boc
750 2032 853 2078 veteres
869 2025 1036 2097 scripserunt
1050 2024 1083 2080 de

131 2127 172 2179 oo,
188 2110 234 2182 qui
247 2124 335 2182 panno
346 2107 429 2163 rubro
441 2107 545 2181 legavit
556 2117 715 2162 armentum.
745 2106 793 2162 sed
808 2109 831 2161 si
846 2107 910 2178 quid
926 2123 1019 2162 eorum
1035 2125 1084 2181 per

130 2193 261 2250 lasciviam
274 2202 300 2249 et
314 2208 369 2247 aron
380 2191 442 2247 data
453 2208 535 2264 opera
547 2200 577 2248 ut
589 2190 690 2246 lurtum
702 2190 899 2261 admitteretur,
921 2190 1020 2246 iactum
1032 2202 1084 2264 est,

130 2277 156 2333 in
172 2277 272 2334 iactum
293 2277 362 2332 actio
378 2275 436 2330 dari
450 2269 557 2331 debet.⁶
594 2283 620 2330 at
641 2274 685 2331 ubi
708 2292 759 2348 ope
774 2274 864 2329 Maevii
880 2274 966 2330 Titius
982 2274 1084 2332 lurtum

131 2361 233 2431 lecerit,
250 2359 326 2416 ambo
343 2359 409 2414 iurti
424 2368 559 2415 tenentur.
590 2376 642 2432 ope
656 2358 768 2414 consilio
785 2360 841 2414 eius
857 2375 966 2432 quoque
981 2359 1082 2416 lurtum

131 2444 232 2501 admitti
254 2444 374 2514 videtur,
396 2445 442 2515 qui
462 2443 546 2498 scalas
565 2443 637 2499 sorte
658 2443 784 2499 fenestris
808 2445 937 2517 supponit
951 2453 997 2500 aut
1012 2447 1084 2519 ipsas

131 2528 263 2585 fenestras
285 2528 325 2584 vel
347 2529 446 2582 ostium
468 2525 601 2601 ellringit,
624 2535 655 2582 ut
669 2527 735 2583 alius
752 2526 853 2583 lurtum
869 2528 984 2600 iaceret,
1007 2531 1085 2600 quive

132 2612 291 2670 ferramenta
313 2611 345 2667 ad
367 2610 562 2685 ellriogendum
583 2620 628 2666 aut
643 2611 741 2683 scalas,
764 2620 795 2668 ut
811 2611 935 2667 iencstris
950 2629 1086 2686 suppone·
1115 2650 1117 2654 .

131 2707 234 2761 rentur,
242 2694 460 2767 commodaverit,
473 2696 571 2767 sciens,
582 2697 658 2752 cuius
670 2698 755 2770 gratia
766 2695 983 2752 commodaverit.
998 2703 1072 2751 certe
1082 2693 1135 2759 (Ιῖ)

131 2783 176 2853 qni
190 2779 290 2836 nullam
313 2795 421 2853 operam
437 2780 468 2835 ad
485 2778 585 2835 lurtum
602 2779 751 2836 iaciendum
766 2779 900 2850 adhibuit,
920 2778 967 2834 sed
982 2787 1086 2835 tantum

131 2865 271 2922 consilium
293 2861 367 2919 dedit
387 2871 467 2936 atque
482 2864 607 2920 hortatus
623 2872 665 2921 est
680 2864 712 2918 ad
727 2863 829 2919 lurtum
844 2862 1008 2934 laciendum,
1031 2879 1085 2919 non

197 3128 218 3192 ¹)
237 3129 269 3182 L.
289 3131 330 3180 ⁸20.
350 3129 377 3178 0.
397 3131 428 3178 de
444 3129 508 3191 furt.
528 3127 567 3190 (6,
584 3126 619 3192 2).
704 3125 725 3190 ²)
743 3129 780 3178 sic
798 3129 898 3193 quidam
916 3129 989 3177 codd.
1009 3129 1085 3192 infer.

136 3197 245 3261 Ybeopb.
266 3196 327 3246 Cod.
346 3201 520 3260 perpetretur
538 3197 612 3245 codd.
630 3201 679 3247 oei.
698 3197 738 3245 ed.
758 3195 808 3246 Ka.
889 3192 911 3258 ⁸)
934 3192 1010 3244 TbCl
1030 3196 1084 3249 Gai.

135 3265 243 3329 Tbeopb.
263 3268 351 3314 sitem
368 3265 425 3313 aliis
448 3265 521 3318 codd.
544 3270 591 3312 oet.
611 3264 650 3312 ed.
668 3261 717 3312 Ka.
803 3259 825 3326 ⁴)
845 3262 901 3312 Gai.
920 3253 1085 3325 ὑφελέσθαι

135 3332 244 3396 ΤΙιεορΙι.
266 3332 402 3395 exciperet
424 3332 498 3380 codd.
520 3337 568 3381 oet.
591 3331 649 3383 edd.
672 3329 745 3378 Soita.
769 3338 794 3379 et
813 3331 862 3379 Kr.
886 3330 1024 3395 acciperet
1042 3333 1087 3382 alii

131 3401 204 3450 codd.
272 3400 292 3460 ⁵)
310 3400 379 3448 multi
396 3399 469 3448 codd.
487 3399 563 3460 infer.
587 3393 743 3463 παρέχεται
765 3396 875 3462 Tacape.
893 3396 992 3448 debeat
1009 3401 1083 3452 codd.

130 3473 176 3517 oet.
196 3468 252 3518 edd.
272 3466 344 3516 Soita.
363 3474 389 3516 et
406 3466 455 3518 Kr.
