2500 3890
144 173 203 238 166
470 191 505 226 nra
522 190 637 227 rutnans
653 177 700 237 IV,
717 178 742 225 4.

142 333 216 388 muni
229 347 306 387 servo
321 331 417 386 iniuria
428 330 496 387 iacta
507 333 552 402 sit,
567 347 683 404 aequum
695 339 747 402 est,
761 347 816 386 nou
832 347 881 403 pro
898 346 928 385 ea
943 337 1029 403 porte,
1045 345 1099 401 qua

142 416 267 472 domiuus
280 416 394 488 quisque
406 423 457 484 est,
473 417 683 472 aestimationem
698 416 809 470 iniuriae
822 413 890 483 fieri,
907 413 953 470 sed
963 429 995 468 er
1010 411 1097 468 domi-

110 509 238 557 onorum
260 515 391 571 persona,
412 500 473 572 quia
488 500 552 572 ipsis
568 497 598 554 iit
613 499 717 554 iniuria.
754 497 854 564 Quodsi
875 497 1047 553 ususfructus
1070 497 1098 550 in

144 598 221 638 servo
231 581 293 636 'iitii
307 571 525 656 est,'proprietas
543 581 634 637 iiaevii
650 591 702 651 est,
717 583 800 655 magis
813 579 911 637 Maeuio
927 582 1023 636 iniuria
1039 578 1098 635 iieri

110 677 125 724 6
142 665 318 740 intellegitur.
357 665 410 721 Sed
431 667 454 720 si
474 664 575 735 libero,
598 667 644 738 qni
664 665 711 721 tibi
731 664 870 721 bonafide
886 664 982 740 servit,
1001 665 1098 720 iniuria

142 749 210 804 iacta
229 751 278 819 sit,
301 748 374 805 nulla
395 748 442 804 tibi
462 751 532 805 actio
548 747 668 820 dabitur,
689 749 735 803 sed
753 765 802 804 suo
819 750 926 804 nomine
941 749 964 803 is
980 749 1098 821 experiri

141 835 258 906 poterit:
272 833 325 889 uisi
339 835 366 888 in
377 832 564 889 contumeliam
577 842 648 887 tuam
657 832 779 906 pulsatus
795 834 839 902 sit,
855 842 921 888 tune
936 833 1006 888 euim
1021 848 1096 887 eoru-

143 918 210 990 petit
224 925 252 971 et
266 917 314 972 tibi
329 917 484 973 iniuriarum
499 917 577 972 actio.
609 916 678 970 idem
690 932 756 989 ergo
773 925 815 972 est
830 924 858 972 et
872 917 899 970 in
915 931 993 970 servo
1008 914 1097 970 alieno

142 1000 212 1056 bona
227 999 279 1055 iide
295 999 342 1055 tibi
357 1001 500 1071 serviente,
516 1007 546 1054 ut
561 1001 661 1055 totiens
676 998 831 1055 admittatur
845 1000 1000 1054 iniuriarum
1016 1000 1096 1068 actio,

144 1086 269 1158 quotiens
284 1085 311 1138 in
328 1093 399 1138 tuam
414 1083 600 1139 contumeliam
615 1084 711 1138 iniuria
725 1085 749 1139 ei
765 1083 834 1139 iacta
849 1085 893 1138 sit.

111 1161 126 1208 ⁷
210 1162 315 1222 ¹Poeua
345 1175 433 1222 autem
461 1167 616 1222 iniuriarum
645 1183 676 1221 ex
704 1166 765 1239 iege
787 1167 926 1222 duodecim
949 1165 1099 1220 tabularum

145 1258 259 1323 propter
273 1249 421 1306 membrum
437 1249 543 1324 quidem
557 1259 666 1326 ruptum
682 1249 747 1306 talio
762 1259 832 1307 erat:
847 1257 960 1324 propter
974 1242 1020 1304 os²
1033 1263 1098 1304 vero

145 1333 258 1389 tractum
278 1334 443 1390 nummariae
463 1350 564 1407 poenae
585 1343 660 1390 eraut
680 1335 842 1390 constitutae
863 1335 938 1406 quasi
958 1335 985 1388 iu
1000 1349 1099 1405 magua

145 1425 265 1472 veterum
285 1426 453 1491 paupertate.
483 1418 530 1473 sed
551 1427 646 1492 postea
661 1425 799 1492 praetores
814 1416 1005 1490 permittebant
1021 1417 1098 1490 ipsis,

146 1501 192 1574 qui
206 1502 328 1556 iniuriam
345 1503 416 1574 passi
427 1511 501 1574 sunt,
517 1518 575 1557 eam
590 1503 740 1570 aestimare,
756 1511 786 1557 ut
800 1501 879 1557 iudex
895 1499 936 1555 vel
950 1501 1018 1555 tanti
1034 1515 1099 1557 eon·

145 1585 261 1654 demuet,
275 1585 368 1657 quanti
380 1587 501 1640 iniuriam
513 1601 608 1659 passus
621 1585 810 1654 aestimaverit,
825 1585 866 1640 vel
878 1584 1000 1654 minoris,
1014 1591 1099 1657 prout

145 1668 170 1723 ei
184 1669 269 1723 visum
285 1668 374 1723 inerit.
405 1667 452 1724 sed
467 1685 553 1741 poena
566 1669 671 1740 quidem
685 1670 807 1738 iniuriae,
824 1685 892 1741 quae
907 1667 1014 1740 exlege
1030 1667 1099 1722 duo-

145 1750 229 1806 decirn
245 1751 395 1807 tabularum
410 1751 562 1807 introducta
578 1760 635 1823 est,
656 1754 682 1806 in
698 1751 901 1808 desuetudinem
917 1750 995 1806 abiit:
1018 1766 1098 1824 quam

146 1841 233 1889 antem
249 1846 387 1907 praetores
402 1835 623 1906 introduxerunt,
641 1851 708 1908 quae
724 1837 803 1892 etiam
819 1836 963 1891 honoraria
978 1834 1098 1908 appella-

146 1925 197 1986 tur,
212 1919 240 1973 in
253 1917 355 1974 iudiciis
366 1918 561 1989 frequentatur.
590 1935 651 1974 nam
666 1920 813 1975 secuudum
828 1919 941 1993 gradum
957 1919 1098 1991 dignitatis

93 2052 97 2062 ,
145 2002 267 2074 vitaeque
287 2002 455 2058 honestatem
476 2004 572 2059 crescit
594 2011 641 2058 aut
660 2004 790 2058 minuitur
805 2004 954 2060 aestimatio
969 2005 1098 2058 iniuriae:

145 2086 190 2159 qui
207 2086 305 2160 gradus
321 2087 550 2142 condemnationis
566 2096 593 2142 et
613 2087 640 2142 in
660 2087 749 2141 servili
764 2103 879 2160 persona
895 2103 949 2143 nou
964 2088 1098 2142 immerito

145 2179 277 2240 servatur,
294 2177 324 2224 ut
334 2170 405 2224 atiud
420 2171 447 2225 in
460 2187 538 2225 servo
550 2179 651 2242 actore,
667 2170 739 2226 aliud
754 2173 781 2225 in
792 2171 874 2227 medii
887 2180 964 2227 actus
978 2171 1098 2241 homine,

111 2266 127 2314 8
145 2253 215 2308 aliud
231 2255 258 2307 in
272 2251 400 2309 vilissimo
415 2254 457 2309 vei
478 2253 630 2327 compedito
646 2256 834 2310 constituatur.
866 2253 917 2309 Sed
933 2264 961 2309 et
975 2254 1018 2309 lex
1033 2253 1098 2309 Gor·

144 2336 213 2392 neiia
238 2336 271 2391 de
297 2338 391 2392 inuriis
417 2337 538 2410 loquitur
559 2345 586 2393 et
610 2339 765 2393 iniuriarum
787 2340 918 2394 actionem
938 2336 1099 2396 introduxit.

144 2435 212 2491 quae
233 2420 362 2492 competit
382 2420 416 2476 ob
437 2437 494 2476 earu
515 2438 588 2493 rem,
612 2421 684 2492 quod
704 2437 733 2476 se
749 2421 884 2494 pulsatum
899 2424 960 2494 quis
974 2420 1098 2476 verbera-

144 2510 234 2558 tumve
249 2502 390 2558 domumve
404 2521 479 2559 snam
499 2507 523 2559 vi
544 2507 685 2561 introitum
701 2521 760 2560 esse
774 2504 853 2567 dicat,
884 2505 992 2561 domum
1006 2515 1098 2560 autem

143 2587 303 2660 accipimus,
327 2588 422 2642 sivein
438 2590 546 2661 propria
562 2587 642 2644 domo
658 2590 718 2662 quis
733 2589 836 2644 habitat
852 2591 907 2644 sive
922 2591 949 2645 in
964 2588 1098 2645 conducta

110 2685 126 2734 o
144 2670 185 2725 vel
200 2672 284 2744 gratis
296 2671 350 2726 sive
366 2671 484 2744 hospitio
497 2681 623 2744 receptus
635 2674 678 2727 sit.
711 2666 814 2729 ³Atror
829 2674 925 2728 iniuria
941 2674 1100 2728 aestimatur

143 2755 185 2810 vel
196 2771 228 2809 ea
239 2755 322 2826 iacto,
338 2755 420 2811 veluti
433 2757 455 2810 si
471 2756 531 2827 quis
546 2755 578 2811 ab
594 2756 682 2828 aliquo
695 2756 851 2813 vulneratus
866 2758 948 2812 suerit
962 2757 1003 2812 vel
1018 2755 1098 2812 iusti·

142 2837 192 2892 bus
207 2854 315 2894 caesus:
331 2838 373 2894 vel
388 2838 504 2908 cnloco,
521 2839 602 2895 veluti
617 2842 639 2893 si
655 2841 697 2895 cui
714 2841 740 2894 iu
757 2841 863 2896 theatro
878 2841 919 2896 vel
935 2841 962 2895 in
978 2839 1039 2895 ioro
1054 2841 1098 2897 vei

140 2922 169 2975 in
185 2930 333 2994 conspectu
349 2924 481 2995 praetoris
496 2923 595 2978 iniuria
609 2922 680 2978 iacta
695 2925 745 2978 sit:
762 2924 803 2979 vel
819 2941 850 2980 ex
865 2939 997 2998 persona,
1013 2923 1097 2978 veluti

142 3005 165 3058 si
181 3007 351 3077 magistratus
366 3007 489 3061 iniuriam
503 3023 598 3078 passus
614 3005 712 3075 inerit,
727 3007 770 3063 vel
784 3008 807 3062 si
823 3009 939 3064 senatori
955 3005 987 3063 ab
1002 3007 1097 3063 humili

142 3090 238 3144 iniuria
253 3089 321 3145 iacta
336 3091 386 3159 sit,
402 3097 449 3145 aut
462 3092 567 3162 parenti
579 3101 748 3164 patronoque
763 3089 809 3146 fiat
824 3109 838 3147 a
853 3092 944 3147 liberis
960 3090 1000 3146 vel
1016 3089 1097 3146 liher-

141 3252 340 3260 —u—--—

210 3365 229 3433 ¹)
248 3369 395 3423 ...visum
413 3369 499 3420 fuerit
510 3391 543 3412 =
557 3371 613 3421 Gai.
633 3375 657 3434 3,
676 3373 734 3425 223.
753 3375 804 3422 224
820 3381 879 3425 mut.
955 3371 980 3434 ²)
1000 3373 1025 3422 E
1039 3373 1096 3424 Gai.

140 3448 230 3484 ossum
249 3451 283 3485 eac
300 3439 357 3486 otiis
374 3438 448 3486 codd.
468 3444 516 3488 oet.
535 3440 576 3490 ed.
595 3439 669 3490 Scdr,
739 3437 760 3503 3)
778 3461 811 3482 ==
831 3442 886 3492 Gai.
905 3443 929 3503 3,
948 3443 998 3491 225
1014 3449 1074 3491 mut,
