2472 3896
65 341 98 390 25

71 2263 105 2320 26

72 2763 105 2811 27

115 173 157 236 40
393 188 429 223 nn
447 186 542 222 aarum
559 185 698 224 nerrsrcus
717 172 755 236 11,
775 173 798 222 1.

179 321 262 385 ¹Gum
274 345 307 384 ex
322 329 406 384 aliena
428 329 538 383 materia
558 326 661 400 species
684 325 772 400 aliqua
786 326 857 384 iacta
872 328 908 383 sit
922 325 955 382 ab
970 326 1083 401 aliquo,

115 415 208 488 quaeri
222 412 309 484 solet,
331 412 394 484 quis
409 427 502 467 eorum
517 410 632 467 naturali
648 411 752 465 ratione
769 409 894 466 dominus
908 412 959 482 sit,
980 419 1083 468 utrum

114 499 152 568 is,
170 498 216 571 qui
231 495 340 567 iecerit,
355 512 389 550 an
404 495 449 551 ille
463 496 571 569 potius,
587 494 634 567 qui
648 495 775 550 materiae
790 495 914 550 dominus
930 495 1029 550 luerit:
1045 503 1081 551 ut

116 597 177 638 ecoe
192 581 216 634 si
230 581 291 653 quis
306 595 338 635 ex
349 579 442 634 alienis
453 579 510 634 uvis
522 577 654 634 autolivis
666 585 712 633 aut
720 578 802 650 spicis
815 579 906 634 viuum
921 585 968 634 aut
983 577 1078 636 oleum

116 671 163 720 aut
178 663 341 718 frumentum
356 662 458 734 iecerit,
473 670 519 719 aut
534 679 567 719 ex
583 661 671 717 alieno
686 677 753 718 auro
768 660 811 716 vel
826 669 939 735 argento
954 661 996 718 rel
1011 679 1077 720 aere

116 763 162 804 ras
184 745 293 820 aliquod
316 747 424 819 lecerit,
446 747 489 802 vel
510 763 542 802 er
564 745 650 801 alieno
672 746 734 801 rino
750 753 777 800 et
791 745 870 801 melle
884 744 1001 802 mulsum
1025 748 1075 802 mi·

117 832 234 903 seuerit,
252 830 293 886 vel
308 847 341 886 er
356 830 450 887 alienis
465 829 666 888 medicamentis
679 828 854 902 emplastrum
869 837 915 886 aut
930 828 1077 903 collyrium

117 916 314 989 composuerit,
335 914 378 970 rel
400 931 432 970 er
454 913 540 970 aliena
561 912 619 969 lana
641 913 829 970 vestimentum
851 913 955 984 lecerit,
977 912 1021 968 vel
1043 929 1077 970 ex

117 997 211 1056 alienis
227 997 323 1054 tabulis
338 1013 432 1053 navem
447 996 489 1052 vel
503 997 645 1052 armarium
660 995 701 1052 vel
722 995 881 1052 subsellium
896 996 1076 1054 lubricaverit.

117 1090 145 1138 et
166 1090 230 1156 post
250 1082 348 1138 multas
370 1079 570 1136 Sabinianorum
591 1089 619 1136 ει
645 1079 864 1136 Proculianorum
887 1080 1078 1154 ambiguitates

118 1164 219 1239 placuit
235 1165 320 1221 media
340 1165 472 1220 sententia
494 1163 716 1234 existimantium,
740 1163 763 1218 si
778 1179 808 1219 ea
823 1166 927 1237 species
942 1163 975 1220 ad
990 1173 1079 1221 mate*

118 1249 184 1303 riam
199 1247 291 1304 reduci
304 1249 402 1322 possit,
417 1263 479 1302 eum
493 1247 577 1303 rideri
587 1247 723 1303 domiuum
735 1264 807 1321 esse,
822 1249 868 1322 qui
883 1248 1009 1304 materiae
1025 1248 1079 1304 do·

119 1333 208 1388 minus
225 1332 327 1401 iuerat;
342 1331 365 1388 si
379 1346 435 1387 non
449 1332 537 1405 possit
551 1330 654 1403 reduci,
670 1346 731 1387 eum
742 1333 835 1404 potius
849 1331 974 1405 intellegi
987 1330 1080 1388 domi·

120 1431 194 1488 num,
210 1417 255 1489 qui
268 1415 376 1472 iecerit:
398 1423 430 1471 ut
444 1431 506 1472 ecce
519 1431 564 1472 vas
580 1413 724 1472 conflatum
740 1422 832 1488 potest
847 1414 879 1470 ad
895 1414 988 1470 rudem
1003 1431 1080 1470 mass

119 1517 176 1556 sam
191 1501 259 1558 aeris
275 1500 316 1555 vel
331 1500 436 1574 argenti
451 1499 493 1555 rel
507 1500 566 1555 auri
580 1499 688 1568 reduci,
708 1500 798 1554 vinum
818 1505 909 1553 autem
923 1506 971 1555 aut
985 1497 1081 1556 oleum

40 1595 44 1604 '
120 1592 167 1640 aut
181 1583 346 1640 frumentum
361 1583 393 1638 ad
413 1599 476 1638 uvas
493 1591 520 1638 et
535 1582 616 1638 olivas
637 1591 664 1638 ει
685 1583 771 1655 spicas
790 1583 890 1638 reverti
904 1599 960 1638 non
974 1590 1079 1655 potest,

120 1684 151 1726 ac
165 1684 199 1723 ne
214 1666 330 1722 mulsum
346 1666 454 1739 quidem
468 1667 500 1720 ad
515 1667 605 1721 vinum
621 1672 648 1721 et
665 1666 719 1722 mel
733 1665 831 1722 resolvi
846 1673 948 1739 potest.
979 1665 1081 1738 quodsi

119 1751 218 1824 partim
232 1765 265 1806 ex
279 1765 328 1805 sua
342 1750 466 1819 materia,
483 1749 579 1822 partim
594 1765 626 1804 ex
641 1749 725 1806 aliena
740 1751 858 1824 speciem
874 1749 989 1822 aliquam
1004 1749 1081 1805 lece-

120 1835 157 1890 rit
173 1833 301 1906 quisque,
323 1831 406 1888 veluti
420 1848 453 1888 ex
468 1850 518 1888 suo
532 1834 595 1888 vino
610 1842 638 1889 et
653 1832 740 1890 alieno
756 1833 835 1890 melle
851 1834 966 1889 mulsum
982 1841 1030 1889 aut
1044 1849 1081 1889 ex

121 1918 178 1974 suis
198 1924 226 1972 ει
245 1915 338 1972 alienis
358 1915 556 1972 medicamentis
576 1917 749 1991 emplastrum
765 1924 812 1973 aut
826 1916 967 1990 collyrium
982 1924 1029 1972 aut
1044 1933 1081 1972 ex

121 2019 170 2058 sua
192 2008 220 2056 et
240 2000 325 2058 aliena
346 2000 405 2057 lana
427 2002 615 2058 vestimentum
630 2002 738 2072 lecerit,
761 1999 933 2057 dubitandum
951 2009 1078 2070 nonest,

121 2086 175 2143 hoc
188 2101 252 2142 casu
267 2102 328 2141 eum
344 2101 403 2141 esse
418 2084 565 2156 dominum,
580 2088 626 2159 qui
641 2085 748 2143 lecerit:
764 2101 824 2143 oum
840 2102 895 2141 non
910 2085 998 2141 solum
1013 2100 1080 2157 ope·

121 2187 179 2226 ram
197 2185 272 2225 suam
293 2169 380 2239 dedit,
403 2168 498 2225 sedet
518 2177 622 2243 partem
640 2169 758 2226 eiusdem
779 2169 905 2224 materiae
920 2171 1077 2242 praestavit.

122 2253 151 2308 Si
165 2261 254 2308 tamen
268 2252 379 2308 alienam
394 2269 539 2326 purpuram
555 2254 614 2327 quis
629 2253 743 2310 intenuit
757 2269 808 2309 suo
822 2253 999 2320 vestimento,
1014 2251 1079 2308 licet

121 2337 269 2409 pretiosior
290 2343 333 2390 est
353 2352 482 2408 purpura,
506 2337 666 2392 accessionis
689 2337 746 2392 vice
760 2335 831 2392 cedit
851 2337 1027 2391 vestimento:
1051 2343 1079 2390 et

123 2421 169 2493 qui
184 2417 307 2473 dominus
323 2417 374 2472 luit
388 2435 534 2492 purpurae,
549 2420 677 2476 adversus
692 2436 763 2490 eum,
780 2422 826 2492 qui
837 2417 982 2491 subripuit,
997 2417 1079 2474 habet

123 2502 189 2558 fruti
204 2501 336 2556 actionem
351 2510 379 2557 et
394 2502 600 2572 condictionem,
616 2504 670 2558 sive
685 2503 743 2575 ipse
759 2510 811 2572 est,
828 2504 873 2575 qui
888 2504 1079 2558 vestimentum

122 2585 197 2656 iecit,
220 2585 274 2640 sive
296 2584 374 2640 alius.
411 2577 491 2640 ²nam
506 2587 638 2644 extinctae
657 2603 700 2642 res
715 2586 778 2644 licet
797 2587 927 2642 vindicari
945 2602 1000 2641 non
1015 2602 1080 2658 pos·

122 2671 193 2740 sint,
209 2667 314 2725 condici
328 2677 417 2725 tamen
438 2686 454 2725 a
475 2668 578 2728 iuribus
594 2679 621 2726 et
636 2687 650 2726 a
666 2668 824 2742 quibusdam
839 2669 896 2725 aliis
912 2669 1079 2742 possessori·

122 2753 173 2812 bus
194 2761 320 2826 possunt.
359 2753 387 2809 Si
409 2753 523 2809 duorum
545 2755 670 2810 materiae
692 2770 725 2809 en
745 2754 885 2809 voluntate
907 2753 1080 2810 dominorum

81 2858 83 2864 ’
123 2837 252 2895 confusae
266 2837 330 2907 sint,
345 2845 433 2894 totum
448 2837 476 2892 id
492 2853 601 2910 corpus,
616 2837 688 2911 quod
699 2854 731 2894 ex
746 2837 906 2894 confusione
922 2835 962 2908 fit,
978 2838 1080 2892 utrius-

123 2938 176 2994 que
191 2937 331 2978 commune
346 2930 401 2992 est,
421 2920 504 2977 veluti
519 2924 542 2976 si
558 2923 604 2994 qui
618 2923 677 2978 vina
691 2937 740 2978 sua
755 2921 928 2978 confuderint
949 2929 996 2977 aut
1010 2937 1080 2976 mas·

123 3021 167 3060 sas
181 3007 286 3078 argenti
300 3005 341 3060 vel
356 3006 413 3060 auri
429 3003 610 3061 conflaverint.
648 3006 696 3061 sed
712 3007 735 3062 si
750 3005 870 3073 diversae
882 3005 1010 3060 materiae
1025 3003 1081 3060 sint

124 3097 152 3146 et
166 3087 199 3144 ob
213 3089 239 3143 id
254 3090 361 3162 propria
376 3090 481 3160 species
496 3089 565 3146 lacta
579 3091 631 3159 sit,
651 3089 723 3146 lorte
744 3106 775 3146 ex
795 3091 857 3145 vino
874 3096 901 3144 et
916 3089 996 3146 melle
1010 3087 1080 3144 mul-

123 3189 183 3228 sum
198 3179 244 3227 aut
258 3188 290 3226 ex
305 3187 369 3228 auro
381 3181 408 3227 et
423 3181 536 3246 argento
559 3173 703 3243 electrum,
725 3173 796 3230 idem
811 3175 876 3230 iuris
892 3183 947 3229 est:
970 3188 1031 3229 narn
1052 3179 1080 3228 et

192 3431 211 3499 ι)
230 3455 262 3478 ==
276 3436 306 3485 u.
325 3437 348 3486 r.
366 3435 389 3496 s.
408 3437 430 3488 r.
449 3438 481 3485 n.
501 3439 557 3488 eoa.
575 3445 632 3490 mua.
702 3436 724 3500 ²)
742 3457 775 3478 -—-
795 3437 851 3487 aaa
871 3437 900 3499 e,
918 3438 950 3506 no
964 3407 1010 3499 aa
1041 3477 1043 3483 .
1076 3429 1081 3490 .'
