2500 3890
465 201 500 236 nn
519 201 680 238 xcrxonxnus
697 189 744 247 IV,
763 191 786 238 6.
1049 187 1104 250 171

153 343 266 415 pignora
287 341 486 415 hypothecasve
507 351 717 415 persequuntur.
762 344 832 398 inter
852 345 953 417 pignus
976 353 1064 399 autent
1081 352 1109 400 et

152 425 329 499 hypothecam
340 433 470 498 quantum
482 424 513 480 ad
526 427 658 482 actionem
672 427 890 498 hypothecariam
902 428 967 482 nihil
979 429 1106 484 interest:

152 526 211 564 nam
226 509 260 564 de
274 526 328 581 qua
342 526 371 564 re
387 511 458 565 inter
473 509 633 565 creditorem
646 517 674 564 et
689 508 835 565 debitorem
851 512 1015 577 convenerit,
1033 519 1062 567 ut
1073 513 1109 566 sit

151 609 199 665 pro
215 591 307 648 dehito
324 591 456 666 obligata,
476 602 590 666 utraque
605 594 655 648 hae
670 593 848 666 appellatione
863 597 1028 652 continetur.
1059 595 1107 650 sed

151 678 177 730 in
193 676 252 731 aliis
268 675 417 732 dillerentia
433 686 490 733 est:
513 692 572 731 uam
588 677 709 751 pignoris
730 676 910 750 appellatione
926 695 983 734 eam
997 680 1106 753 proprie

150 761 284 815 contineri
300 760 422 831 dicimus,
438 777 507 833 quae
522 761 601 815 simul
617 761 696 815 etiam
712 761 827 816 traditur
842 762 978 831 creditori,
995 764 1106 818 maxime

149 844 171 898 si
188 843 295 898 mobilis
310 845 361 900 sit:
383 853 409 900 at
425 860 495 914 eam,
516 860 585 915 quae
599 845 658 899 sine
679 845 821 901 traditione
843 844 912 899 nuda
928 847 1106 903 conventione

149 935 276 996 tenetur,
303 928 413 1001 proprie
441 928 607 1001 hypothecae
629 926 807 1001 appellatione
829 930 960 985 contineri
983 929 1105 986 dicimus.

148 1011 178 1066 lu
201 1027 344 1084 personam
366 1027 475 1084 quoque
495 1013 614 1068 actiones
635 1027 667 1066 ex
689 1027 736 1066 sua
752 1011 935 1067 iurisdictione
950 1014 1104 1085 propositas
1122 1020 1139 1068 8

148 1094 229 1150 hahet
244 1103 369 1166 praetor,
385 1096 469 1151 veluti
485 1095 517 1150 de
530 1095 642 1167 pecunia
658 1095 820 1150 constituta:
836 1097 877 1150 eui
893 1096 986 1151 similis
1000 1095 1105 1152 videba-

148 1187 194 1234 tur
209 1178 363 1250 receptitia;
385 1179 430 1235 sed
453 1195 485 1233 ex
505 1185 597 1234 nostra
613 1174 843 1251 constitutione,¹
860 1195 921 1234 cum
936 1188 980 1249 et,
1003 1179 1104 1252 siquid

147 1261 255 1336 plenius
272 1261 401 1332 habehat,
416 1263 469 1318 hoc
483 1264 511 1316 in
526 1263 666 1335 pecuniam
681 1263 856 1318 constitutam
872 1262 1036 1319 transfusum
1052 1273 1104 1336 est,

146 1361 179 1401 ea
201 1346 277 1417 quasi
298 1362 461 1418 supervacua
484 1347 556 1401 iussa
576 1353 618 1400 est
637 1362 698 1400 cum
718 1362 767 1402 sua
788 1349 948 1402 auctoritate
971 1365 985 1402 a
1005 1350 1104 1404 nostris

147 1429 255 1503 legibus
272 1431 407 1486 recedere.
437 1431 501 1485 item
516 1436 626 1502 praetor
636 1430 779 1502 proposuit
794 1429 827 1484 de
843 1430 948 1502 peculio
964 1447 1103 1486 servorum
1122 1437 1137 1486 9

148 1512 323 1584 liliorumque
338 1512 452 1569 familias
467 1522 494 1569 et
510 1529 542 1566 ex
553 1529 605 1583 qua
621 1514 770 1583 quaeritur,
786 1529 819 1567 an
835 1521 911 1567 actor
925 1515 1061 1583 iuraverit,
1077 1523 1104 1570 et

147 1596 212 1651 alias
236 1596 400 1670 complures.
429 1597 461 1652 de
484 1597 596 1668 pecunia
617 1605 706 1651 autem
727 1597 875 1653 constituta
897 1613 957 1652 cum
980 1596 1103 1652 omnibus

146 1680 256 1753 agitur,
273 1683 434 1752 quicumque
450 1680 492 1734 vel
508 1696 558 1753 pro
575 1695 603 1734 se
618 1679 660 1734 vel
676 1696 725 1752 pro
741 1679 792 1735 alio
808 1680 946 1736 soluturos
961 1697 991 1736 se
1004 1683 1105 1737 consti·

145 1765 261 1833 tuerint,
277 1764 349 1819 nulla
365 1765 468 1820 scilicet
483 1763 657 1838 stipulatione
672 1765 841 1837 interposita.
873 1781 933 1819 uam
947 1765 1065 1837 alioquin
1079 1767 1103 1821 si

145 1848 288 1922 stipulanti
302 1850 491 1920 promiserint,
507 1850 566 1902 iure
581 1847 650 1903 civili
667 1855 803 1904 tenentur,
839 1843 998 1903 Actionem²
1013 1859 1102 1905 autem
1121 1856 1152 1904 10

146 1933 180 1988 de
195 1931 301 2006 peculio
321 1932 382 1986 ideo
403 1932 529 1988 adversus
550 1941 652 2004 patrem
668 1932 836 1987 dominumve
851 1935 1013 2005 comparavit
1027 1949 1102 2005 prae·

147 2025 208 2086 tor,
225 2016 287 2089 quia
302 2015 366 2070 licet
381 2032 413 2072 ex
426 2023 566 2071 contractu
581 2013 698 2070 liliorum
713 2031 884 2070 servorumve
899 2016 958 2087 ipso
973 2016 1031 2070 iure
1047 2033 1102 2072 non

147 2107 300 2168 teneantur,
316 2115 430 2170 aequum
445 2107 532 2154 tamen
547 2105 629 2166 esset,
645 2098 751 2169 peculIo
768 2106 856 2167 tenus,
871 2099 944 2168 quod
960 2098 1041 2153 veluti
1057 2116 1102 2172 pa-

146 2184 304 2239 trimonium
316 2192 358 2236 est
372 2180 487 2238 liliorum
499 2181 677 2252 filiarumque,
691 2182 755 2236 item
768 2196 917 2251 servorum,
929 2182 1101 2237 condemnari

144 2283 203 2323 eos.
234 2267 306 2321 ldern
322 2267 419 2337 siquis
435 2264 591 2338 postulante
606 2265 757 2320 adversario
778 2266 920 2333 iuraverit,
942 2265 1034 2321 deberi
1048 2266 1100 2321 sihi
1120 2257 1148 2303 1¹

144 2351 305 2424 pecuniam,
321 2366 400 2420 quam
415 2357 535 2422 peteret,
551 2365 639 2422 neque
654 2350 678 2403 ei
694 2349 823 2418 solvatur,
836 2350 981 2405 iustissime
996 2367 1100 2406 accom-

145 2434 237 2489 modat
252 2434 278 2488 ei
293 2433 371 2488 talem
387 2433 533 2502 actionem,
549 2449 598 2505 per
613 2449 692 2504 quam
707 2449 762 2488 non
777 2433 843 2488 illud
857 2434 1009 2504 quaeritur,
1026 2453 1059 2490 an
1075 2436 1099 2490 ei

143 2518 260 2591 pecunia
275 2515 419 2585 debeatur,
435 2517 529 2572 sedan
545 2517 681 2572 iuraverit.
710 2516 839 2572 Poenales
855 2534 964 2589 quoqne
979 2519 1098 2574 actiones
1118 2525 1148 2574 12

144 2593 274 2674 praetor³
284 2599 352 2655 ltene
365 2600 461 2655 multas
475 2617 506 2656 ex
518 2617 566 2655 sua
578 2601 763 2656 iurisdictione
775 2601 938 2656 introduxit:
954 2601 1038 2657 veluti
1053 2602 1098 2657 ad·

144 2701 239 2741 versus
255 2700 331 2753 eum,
347 2683 473 2755 quiquid
489 2700 520 2739 ex
535 2684 596 2739 alho
612 2685 669 2739 eius
684 2685 862 2758 corrupisset:
879 2694 906 2739 et
921 2686 949 2738 in
964 2701 1035 2755 eum,
1051 2687 1098 2758 qui

144 2778 289 2843 patronum
302 2767 343 2822 vel
355 2776 491 2840 parentem
503 2769 531 2823 in
541 2768 583 2822 ius
593 2777 724 2837 vocasset,
736 2785 795 2823 cum
809 2768 835 2823 id
848 2785 902 2822 non
913 2769 1098 2840 impetrasset:

144 2855 209 2908 item
224 2852 352 2907 adversus
367 2867 439 2921 eum,
455 2852 540 2923 quivi
556 2853 683 2907 exemerit
697 2868 768 2920 eum,
784 2852 872 2923 quiin
888 2852 930 2906 ius
946 2861 1097 2923 vocaretur,

144 2939 254 2992 cuiusve
266 2935 329 2990 dolo
345 2935 412 2989 alius
428 2936 568 2992 exemerit:
591 2946 618 2990 et
634 2936 697 2990 alias
713 2933 931 2991 innumerabiles.
961 2934 1096 2991 Praeiudi·
1116 2941 1147 2990 13

144 3020 223 3077 ciales
245 3020 364 3075 actiones
380 3019 408 3073 in
429 3035 484 3074 rem
505 3036 564 3074 esse
584 3019 722 3088 videntur,
745 3018 836 3090 quales
863 3027 942 3089 sunt,
965 3035 1013 3091 per
1031 3035 1096 3092 quas

144 3104 293 3176 quaeritur,
303 3119 336 3158 an
347 3102 442 3174 aliquis
453 3102 521 3159 liber
532 3103 572 3158 vel
585 3120 617 3158 an
631 3102 744 3158 libertus
757 3103 801 3173 sit,
817 3102 859 3157 vel
871 3102 904 3157 de
919 3111 998 3175 partu
1013 3120 1096 3178 agno-

211 3316 232 3380 ¹)
252 3317 285 3366 L,
304 3317 329 3366 2.
355 3315 382 3366 0.
402 3318 434 3366 de
451 3323 529 3366 const.
546 3332 603 3379 pec.
624 3313 733 3379 (4,18).
803 3315 824 3378 ²)
846 3317 956 3379 Theoph.
974 3319 1097 3370 cotiones

144 3387 229 3502 ppdgr
231 3385 297 3504 α33131.
377 3381 397 3443 8)
416 3386 526 3447 praetor
544 3384 597 3432 PE
607 3382 659 3433 Wb
680 3383 791 3447 Theoph.
808 3399 854 3434 om.
879 3385 929 3434 W⁸
947 3387 1005 3440 edd.
1022 3385 1096 3437 Salar.
