2472 3896
373 191 409 227 mr
426 189 611 229 sucrosrrsrrs
628 191 760 228 rurosnrr
777 178 799 236 1,
818 179 861 229 21.
1060 174 1101 240 27

145 331 233 390 iectus
255 329 330 388 urbis
352 330 393 387 vel
415 338 525 406 praetor
551 331 696 392 secundum
724 347 800 387 suam
821 331 1046 403 iurisdictionem,
1074 333 1103 388 in

145 415 288 489 provinciis
311 422 401 472 autem
423 414 561 488 praesides
590 432 622 471 ex
644 416 819 488 inquisitione
841 423 946 472 tutores
969 424 1102 487 crearent,

145 499 187 556 vel
209 500 385 573 magistratus
407 501 485 554 iussu
506 498 672 570 praesidum,
694 500 717 554 sl
739 515 795 555 non
809 499 864 556 sint
879 515 991 571 magnae
1005 499 1103 572 pupilli

144 583 296 640 securitates.
323 582 378 640 Nos
399 591 488 640 autern
509 598 559 655 per
572 584 796 640 constitutionem
811 575 949 638 nostram¹
965 591 993 638 et
1008 583 1101 640 buius·
1119 599 1135 648 s

144 667 217 724 modi
231 665 406 724 dillicultates
421 667 560 722 bominum
574 674 728 723 resecantes
743 682 793 722 neo
812 674 966 740 exspectata
980 668 1102 725 iussione

144 750 308 825 praesidum,
330 750 523 823 disposuimus,
544 750 569 804 si
590 749 703 806 facultas
726 749 821 823 pupilli
843 750 886 805 vel
907 749 992 807 adulti
1015 766 1101 823 usque

144 835 178 890 ad
199 834 363 909 quingentos
385 833 488 890 solidos
510 833 606 906 valeat,
628 833 784 892 defensores
799 834 936 890 civitatum
957 823 1101 912 (unacum

145 918 264 975 eiusdem
279 918 393 975 civitatis
407 917 612 990 religiosissimo
627 919 747 974 antistite
758 916 800 973 rel
816 916 887 990 apud
902 916 966 972 alias
981 915 1101 990 publicas

144 994 289 1082 personas)
300 995 362 1058 vel²
376 1002 558 1075 magistratus,
573 1000 616 1058 vel
626 1001 768 1059 iuridlcum
780 999 972 1057 Alexandrinae
987 1002 1100 1058 civitatis

146 1095 251 1143 tutores
272 1085 315 1142 vel
329 1093 467 1142 curatores
482 1101 584 1158 creare,
606 1085 727 1160 legitima
746 1085 852 1142 cautela
866 1084 1015 1142 secundum
1029 1086 1101 1140 eius·

145 1169 205 1226 dem
227 1169 430 1227 constitutionis
445 1185 566 1225 normam
580 1169 747 1242 praestanda,
769 1169 894 1226 videlicet
915 1184 1009 1226 eorum
1031 1168 1101 1242 pert

145 1252 224 1322 culo,
241 1255 287 1327 qui
301 1269 359 1308 eam
374 1253 515 1324 accipiant.

210 1329 381 1409 ³lmpuberes
401 1342 490 1390 auteur
510 1336 539 1390 in
559 1334 643 1390 tutela
658 1351 718 1391 esse
734 1334 848 1390 naturali
863 1337 922 1392 iure
937 1336 1100 1392 conveniens
1117 1353 1133 1402 a

146 1428 199 1489 est,
214 1428 245 1474 ut
259 1420 290 1488 is,
315 1419 361 1491 qui
374 1417 510 1491 perlectae
530 1419 624 1473 aetatis
645 1419 767 1488 nonsit,
790 1419 900 1474 alterius
917 1419 1002 1474 tutela
1023 1435 1100 1492 rega·

147 1510 201 1559 tur.
244 1501 308 1556 Cum
330 1503 415 1575 igitur
435 1500 599 1574 pupillorum
621 1500 840 1574 pupillarumque
862 1509 968 1557 tutores
991 1503 1099 1576 negotia
1117 1519 1132 1568 ⁷

145 1592 261 1661 gerunt,
275 1594 338 1659 post
352 1584 522 1658 pubertatem
537 1584 638 1642 tutelae
651 1584 751 1642 iudicio
767 1587 904 1642 rationem
916 1584 1043 1642 reddunt.

555 1813 612 1854 TIT.
625 1813 689 1854 m

355 1896 406 1950 Du
423 1897 680 1952 Aucuoulusuu
697 1898 883 1956 Tuuouuul.

206 2023 358 2078 Auctoritas
380 2029 469 2077 autem
492 2021 591 2076 tutoris
612 2021 641 2076 ln
663 2019 822 2094 quibusdam
844 2022 931 2076 causis
947 2021 1096 2077 necessaria
1109 2032 1143 2073 ur

144 2105 255 2179 puplllis
270 2112 327 2175 est,
341 2106 369 2160 ln
385 2104 543 2177 quibusdam
558 2120 613 2159 non
629 2110 671 2159 est
685 2105 845 2160 necessaria.
877 2112 908 2159 ut
922 2119 983 2160 ecoe
998 2104 1020 2158 si
1037 2104 1102 2177 quld

144 2188 201 2244 dari
224 2187 275 2242 sibl
296 2181 489 2262 stipulentur,⁴
509 2203 564 2242 non
587 2195 629 2243 est
650 2188 802 2246 necessaria
823 2189 923 2243 tutoris
939 2189 1100 2245 auctoritas:

145 2269 252 2344 quodsi
269 2269 326 2327 aliis
337 2271 432 2344 pupilli
444 2272 613 2343 promittant,
631 2272 781 2327 necessaria
793 2277 848 2326 ests
863 2287 979 2344 namque
990 2270 1099 2345 placuit,

144 2353 283 2410 meliorem
299 2354 406 2426 quidem
417 2371 492 2410 suam
504 2354 687 2410 condicionem
700 2353 780 2410 lleere
791 2356 830 2410 eis
846 2354 934 2412 lacere
947 2357 1026 2411 etiam
1043 2357 1101 2413 sine

144 2439 244 2494 tutoris
266 2439 436 2509 auctorltate,
459 2438 621 2494 deteriorem
643 2454 706 2493 vero
728 2454 784 2494 non
806 2437 885 2494 aliter
907 2457 985 2513 quarn
1007 2447 1100 2496 tutore

145 2529 266 2579 auctore.
296 2521 367 2577 unde
388 2523 415 2577 in
430 2521 473 2577 his
494 2523 593 2594 causis,
616 2538 649 2577 er
672 2519 767 2594 quibus
790 2531 899 2579 mutuae
921 2522 1100 2596 obligationes

145 2613 312 2674 nascuntur,
340 2607 367 2660 ln
390 2603 569 2678 emptionibus
592 2605 804 2675 venditionibus,
833 2605 1013 2663 locationibus
1035 2624 1100 2663 eon·

145 2688 328 2759 ductionibus,
339 2686 479 2762 mandatis,
491 2688 631 2764 depositis,
645 2690 668 2745 si
681 2691 780 2745 tutoris
791 2691 937 2746 auctoritas
949 2706 1004 2746 non
1015 2692 1099 2746 inter·

214 2897 953 2982 1)1.30.σ.1111ρ111.,(1,4).1111111111
972 2900 1055 2961 Scir„
1072 2909 1101 2952 at

144 2969 300 3033 respondeat
318 2969 380 3017 baec
398 2969 503 3032 epitome
526 2971 578 3032 ipsi
598 2975 680 3018 const.
698 2970 731 3019 30
748 2970 790 3019 cit.
808 2975 834 3017 et
851 2975 878 3018 ut
893 2971 1006 3018 carietes
1023 2969 1098 3020 codd.

145 3042 170 3086 et
192 3035 301 3099 Tbeopb
323 3037 474 3096 explicetur
494 3035 588 3100 absque
605 3037 701 3085 11111111
719 3034 800 3084 idest
817 3051 866 3098 pro
878 3035 923 3086 vol
934 3051 970 3085 ecc
987 3038 1100 3099 plurimis

143 3104 218 3157 codd.
230 3104 270 3152 ed.
283 3103 332 3153 Kr.
350 3097 411 3167 αμα
424 3118 498 3168 τω
508 3094 677 3182 ineundum,
696 3095 840 3152 συνόντων
838 3093 1029 3233 111ἒὲἳῖωέ
1048 3101 1098 3168 δη-

143 3165 662 3300 summitatesatteias
674 3182 847 3300 211111ῗέ1
860 3186 1011 3288 111111
1023 3169 1101 3288 mi

143 3305 197 3355 ries
211 3303 254 3354 vel
266 3319 338 3367 meg.
351 3303 395 3355 vel
412 3303 489 3354 iurid.
504 3319 555 3367 pro
572 3305 745 3384 explicatione
757 3304 916 3366 publicarum
930 3320 1100 3367 personarum

143 3370 260 3422 misisse
276 3373 384 3437 ideoque
399 3373 473 3435 prins
490 3369 536 3426 vol
551 3385 599 3434 per
617 3364 747 3420 τουτέστι
763 3373 916 3425 reddidisse.
963 3369 1029 3435 ⁸)==
1043 3372 1098 3422 Gai

144 3439 230 3501 1,1sa
248 3445 305 3493 mat.
361 3436 384 3504 ⁴)
401 3438 547 3504 stipuletur
563 3439 621 3490 edd.
640 3436 713 3487 Scbr.
730 3443 756 3488 et
773 3437 823 3489 Kr.
843 3454 878 3488 em
893 3440 1009 3502 plurimis
1025 3439 1099 3490 codd
