2500 3890
421 191 457 225 os
475 191 690 227 rrxcsrmoxxaus
707 177 754 237 IV,
775 180 814 228 13.
1034 173 1095 238 189

203 331 348 404 Superest,
364 338 395 386 ui
409 331 615 401 admoneamus,
631 331 704 405 quod
719 334 742 387 si
757 341 819 387 ante
834 348 890 387 rem
905 331 1046 387 iudicatam
1061 332 1094 402 is,
1112 331 1127 379 2

139 432 202 472 cum
217 431 272 489 quo
288 423 376 470 actum
391 424 450 486 est,
470 415 615 472 satisfaciat
630 417 728 482 actori,
750 415 840 472 officio
859 415 954 470 iudicis
969 414 1096 470 convenit

140 515 202 555 eum
224 498 380 568 absolvere,
403 498 466 554 licet
486 499 576 555 iudicii
597 499 743 573 accipiendi
764 508 887 572 tempore
912 501 940 553 in
965 514 996 554 ea
1016 514 1095 554 causa

140 583 253 654 luisset,
269 591 300 638 ut
315 582 431 637 damnari
448 581 556 637 debeat:
576 590 603 638 et
618 583 671 639 hoc
685 590 742 655 est,
764 583 835 656 quod
851 591 912 638 ante
926 582 1008 655 vulgo
1024 581 1095 638 dioe-

139 666 236 736 batur,
252 667 341 722 omnia
356 665 453 722 iudicia
468 664 631 722 absolutoria
647 681 716 725 esse.

549 877 607 919 um.
620 877 688 920 xm.

434 980 484 1030 DE
501 977 802 1031 EXCEPTIONIBUS.

207 1095 369 1174 ¹Sequitur,
392 1110 421 1156 ut
434 1101 469 1156 de
490 1099 691 1174 exceptionibus
707 1100 888 1174 dispiciamus.
926 1107 1095 1173 comparatae
1108 1115 1143 1155 rr.

140 1193 206 1240 sunt
228 1193 316 1240 autem
339 1187 510 1257 exceptiones
538 1184 767 1240 defendendorum
795 1201 888 1240 eorum
911 1185 1012 1258 gratia,
1034 1199 1095 1239 cum

142 1268 241 1343 quibus
261 1269 365 1342 agitur:
386 1285 465 1342 saepe
486 1269 556 1323 enim
578 1267 687 1338 accidit,
710 1276 755 1338 ut,
775 1267 839 1323 licet
854 1271 910 1341 ipsa
926 1261 1026 1338 actio,²
1043 1283 1095 1340 qua

141 1362 219 1409 actor
233 1353 387 1424 experitur,
403 1354 471 1407 iusta
487 1353 533 1423 sit,
548 1359 637 1406 tamen
651 1352 740 1422 iniqua
755 1353 791 1405 sit
805 1351 932 1406 adversus
948 1369 1019 1424 eum,
1035 1367 1095 1407 cum

141 1453 196 1509 quo
217 1437 316 1510 agitur.
347 1433 424 1490 Verbi
445 1437 529 1506 gratia
548 1435 571 1489 si
591 1441 664 1490 metu
684 1442 793 1490 coactus
815 1442 860 1489 aut
884 1434 947 1490 dolo
969 1434 1096 1490 inductus
1114 1435 1128 1483 1

142 1529 190 1576 aut
205 1535 298 1575 errore
313 1519 405 1592 lapsus
420 1519 558 1591 stipulanti
574 1517 644 1573 'litio
660 1519 823 1590 promisisti,
840 1517 912 1591 quod
928 1535 982 1573 non
997 1516 1096 1573 debue-

142 1621 186 1661 ras
208 1603 383 1676 promittere,
408 1603 494 1675 palam
516 1610 573 1674 est,
598 1603 658 1657 iure
672 1602 740 1656 civili
762 1609 788 1656 te
804 1599 952 1675 obligatum
968 1617 1043 1671 esse,
1069 1610 1096 1656 et

142 1689 228 1757 actio,
253 1702 305 1759 qua
324 1686 472 1742 intenditur
491 1686 555 1741 dare
577 1693 603 1740 te
623 1692 765 1758 oportere,
788 1684 881 1741 elfioax
902 1693 958 1741 est:
980 1684 1054 1741 sed'
1047 1686 1096 1740 rni-

143 1787 226 1846 quum
251 1776 309 1842 est,
329 1778 356 1825 te
370 1769 558 1840 condemnari,
578 1769 694 1842 ideoque
709 1769 787 1824 datur
808 1769 854 1824 tibi
870 1772 993 1843 exceptio
1008 1777 1096 1826 metus

143 1871 226 1913 causa
241 1862 288 1909 aut
302 1853 357 1909 doli
376 1854 437 1909 mali
457 1862 502 1909 aut
522 1855 550 1908 in
565 1852 664 1908 lactum
679 1855 829 1926 composita
845 1853 876 1908 ad
890 1853 1096 1928 impugnandam

142 1939 287 1996 actionem.
317 1929 407 1993 ³ldem
422 1938 488 1992 iuris
503 1946 559 2008 est,
576 1939 599 1991 si
615 1938 675 2009 quis
690 1939 765 2010 quasi
780 1937 906 1992 credendi
921 1954 999 1992 causa
1014 1953 1095 2010 pecu·
1113 1936 1129 1982 2

143 2025 215 2078 niam
237 2021 381 2093 stipulatus
401 2021 484 2076 luerit
504 2036 593 2092 neque
613 2022 772 2075 numeravit.
810 2035 869 2074 nam
884 2036 941 2075 eam
956 2021 1096 2092 pecuniam

144 2115 203 2162 ate
218 2113 311 2178 petere
326 2120 408 2177 posse
423 2120 484 2160 eum
500 2111 602 2159 certum
617 2111 673 2158 est:
689 2102 753 2157 dare
768 2104 838 2157 enlm
855 2111 881 2157 te
898 2111 1020 2175 oportet,
1036 2118 1096 2157 oum

144 2207 179 2246 ex
198 2181 351 2262 stipulatu⁴
371 2189 500 2243 tenearis:
523 2186 569 2241 sed
595 2187 658 2260 quia
683 2187 803 2258 iniquum
825 2194 866 2241 est
887 2203 919 2241 eo
941 2188 1049 2241 nomine
1071 2193 1097 2240 te
1137 2201 1140 2208 ’

144 2273 329 2341 condemnari,
345 2271 442 2344 placet,
458 2272 615 2343 exceptione
629 2271 758 2343 pecuniae
772 2286 827 2326 non
841 2279 995 2325 numeratae
1012 2277 1037 2324 te
1053 2270 1098 2325 de·

144 2357 219 2413 leodi
240 2355 353 2427 debere,
373 2356 448 2411 cuius
468 2363 589 2426 tempora
609 2370 677 2424 nos,
697 2353 844 2409 secundum
865 2353 937 2426 quod
953 2356 1003 2409 iam
1017 2370 1096 2428 sope-

144 2441 264 2497 rioribus
282 2439 357 2495 libris
372 2440 502 2511 seriptum
519 2431 587 2509 est,⁶
601 2438 793 2493 constitutione
804 2445 895 2493 nostra
910 2440 1096 2494 coartavimus.

145 2525 287 2580 Praeterea
303 2521 408 2578 debitor
422 2523 445 2577 si
460 2529 554 2596 pactus
569 2520 651 2577 luerit
666 2537 726 2576 cum
741 2521 885 2592 creditore,
900 2538 934 2577 ne
949 2539 963 2577 a
978 2538 1007 2577 se
1021 2532 1096 2595 pete·
1115 2525 1131 2573 3

145 2617 233 2680 retur,
248 2607 332 2663 nihilo
344 2607 431 2661 minus
444 2605 579 2679 obligatus
598 2613 696 2675 manet,
711 2606 773 2677 quia
787 2613 866 2678 pacto
881 2614 1013 2661 convento
1030 2605 1097 2660 obli-

146 2693 272 2767 gationes
287 2706 342 2745 non
357 2689 511 2745 omnimodo
527 2689 726 2744 dissolvuntur:
741 2705 793 2761 qua
808 2689 841 2745 de
855 2704 933 2744 causa
949 2687 1043 2743 eliicax
1057 2696 1099 2743 est

146 2777 275 2832 adversus
290 2790 351 2830 eum
366 2774 451 2842 actio,
472 2789 524 2846 qua
539 2780 614 2829 actor
627 2773 743 2828 intendit
762 2788 791 2830 s1
808 2787 910 2828 runnu
931 2788 995 2828 uum
1016 2787 1099 2828 onum

147 2875 320 2919 oroarmun.
349 2857 396 2913 sed
411 2858 473 2929 quia
487 2858 608 2928 iniquum
624 2865 680 2926 est,
702 2862 795 2911 contra
810 2857 959 2928 pactionem
974 2871 1034 2910 eum
1051 2855 1097 2910 da-

147 3005 349 3017 ,ῥ’-,-

216 3104 236 3168 ¹)
253 3122 296 3170 pr
314 3104 744 3168 §.1=uat4,115.116mur.
812 3099 966 3166 ²)ectioB
987 3101 1098 3166 Tbeoplt.

147 3173 301 3241 persecutio
319 3171 344 3220 Ε
351 3173 387 3222 W
406 3179 432 3221 et
445 3173 561 3236 plerique
583 3170 659 3234 infer.
680 3171 756 3220 codd.
774 3171 833 3223 edd.
852 3169 925 3220 Scire.
943 3177 968 3219 et
985 3169 1035 3218 Kr.
1052 3171 1100 3219 sed

146 3244 243 3306 factum
259 3241 305 3290 doc
323 3255 358 3288 esc
375 3254 423 3302 per
441 3253 482 3297 se,
504 3241 629 3302 ploesau.
646 3237 718 3301 ipso,
741 3243 766 3285 et
783 3238 866 3287 ectio.
951 3235 1048 3314 ⁸)fere
1065 3257 1098 3278 =

150 3310 207 3359 Gai
225 3310 249 3369 4,
268 3307 316 3356 116
333 3308 395 3356 med.
447 3303 501 3383 4)
525 3305 562 3355 W
579 3305 633 3359 Gai.
651 3302 827 3384 stipulatione
843 3297 935 3352 BE‘
917 3319 954 3362 ως
972 3293 1029 3353 ἀπὸ
1048 3303 1099 3367 τῆς

148 3344 346 3440 ἐπερωτήσεως
359 3364 410 3423 διὰ
422 3364 475 3438 τὴν
487 3371 538 3422 τοῦ
550 3366 642 3437 vo'poo
660 3365 811 3436 conplector
827 3371 935 3435 Tbeopb.
954 3366 1061 3433 fucrii'
1051 3374 1099 3436 tpi-

149 3451 190 3494 tur
208 3441 363 3506 stipulatu
355 3454 422 3493 rure.
490 3436 511 3503 ⁶)
528 3440 568 3490 tit.
586 3442 617 3490 de
635 3441 700 3492 liter.
718 3439 767 3492 obi.
786 3437 825 3504 (3,
843 3435 897 3503 21).
