2500 3890
436 239 472 274 nn
491 238 561 274 auom
578 239 696 282 nouam
711 225 758 288 IV,
776 229 799 280 3,
1035 225 1095 290 163

143 377 247 450 ‘quanti
261 377 288 432 id
303 382 332 436 in
347 397 379 436 eo
395 396 465 435 anno
480 378 588 453 plurimi
603 378 703 435 luerit'
718 379 764 436 illa
779 383 912 437 sententia
927 383 1095 455 exprimitur,

141 470 170 517 ut
190 463 214 516 si
235 462 296 533 quis
318 465 454 520 hominem
477 471 570 532 tuum,
593 465 639 535 qui
662 463 741 519 hodie
756 463 867 520 claudus
882 474 927 521 aut
942 465 1032 521 luscus
1048 475 1094 522 aut

141 563 249 603 mancus
269 550 334 618 erit,
359 547 504 616 occiderit,
527 549 573 619 qui
593 548 620 602 in
641 564 674 603 eo
690 565 760 603 anuo
775 549 882 623 integer
897 558 943 604 aut
957 551 1093 624 pretiosus

140 631 238 701 luerit,
253 649 309 687 non
324 633 393 687 tanti
408 639 547 700 teneatur,
570 633 660 703 quanti
675 633 697 686 is
713 631 793 686 hodie
808 636 875 704 erit,
896 635 943 688 sed
958 636 1051 706 quanti
1066 635 1093 690 in

140 732 172 770 eo
192 732 262 770 anno
282 715 392 789 plurimi
411 713 502 770 luerit.
534 731 585 786 qua
606 717 708 770 ratione
724 715 852 772 creditum
872 726 930 786 cst,
953 718 1092 790 poenalem

140 815 201 855 esse
216 800 295 854 huius
309 799 379 873 legis
393 800 538 864 actionem,
561 800 622 870 quia
640 815 696 853 nou
711 798 798 854 solum
815 802 880 855 tanti
895 802 1009 874 quisque
1025 801 1092 857 obli·

139 891 366 957 gatur‚quantum
378 882 465 937 damni
476 881 590 953 dederit,
603 882 650 937 sed
661 881 802 956 aliqnando
814 883 896 956 longe
907 882 1007 956 pluris:
1018 885 1093 940 ideo·

139 984 193 1040 que
205 974 322 1034 constat,
334 969 362 1020 in
373 965 499 1022 heredem
511 981 568 1020 carn
581 967 712 1022 actionem
725 983 778 1021 non
790 969 914 1041 transire,
928 984 995 1040 quae
1007 978 1093 1024 traus-

137 1053 211 1106 itura
239 1049 350 1121 luisset,
378 1047 401 1104 si
428 1049 498 1104 ultra
525 1048 648 1104 damnum
675 1066 820 1122 numquam
842 1050 875 1106 lis
898 1053 1093 1108 aestimaretur.

137 1135 207 1190 lllud
223 1151 278 1189 non
293 1151 325 1190 ex
338 1133 426 1189 verbis
447 1133 530 1206 legis,
553 1132 601 1188 scd
616 1150 649 1189 ex
663 1135 885 1207 interpretatione
902 1133 1016 1208 placuit,
1038 1153 1092 1190 non
1111 1135 1142 1183 1⁰

138 1219 228 1275 solum
244 1219 375 1292 perempti
391 1219 512 1290 corporis
534 1217 744 1273 aestimationem
760 1217 905 1274 habendam
921 1235 981 1274 esse
997 1235 1092 1275 secun·

138 1304 204 1358 dum
220 1319 261 1371 ea,
276 1318 344 1374 quae
355 1301 477 1369 diximus,
490 1299 538 1355 sed
553 1316 585 1355 eo
602 1301 713 1373 amplius
724 1301 853 1374 quidquid
868 1312 1017 1376 praeterea,
1033 1320 1093 1376 per·

138 1395 232 1459 empto
255 1402 288 1441 eo
303 1401 435 1457 corpore,
454 1384 542 1438 damui
555 1382 631 1438 vohis
647 1383 764 1439 adlatum
780 1385 877 1459 luerit,
899 1387 981 1442 veluti
997 1384 1020 1441 si
1036 1403 1092 1443 ser·

137 1487 201 1526 vum
221 1479 298 1524 tuum
318 1467 443 1524 heredem
465 1466 600 1538 abaliquo
621 1468 773 1523 institutum
795 1477 856 1523 ante
877 1472 936 1540 quis
953 1471 1091 1542 occiderit,

137 1571 219 1627 quam
234 1555 257 1608 is
271 1555 347 1608 iussu
368 1561 416 1607 tuo
431 1550 530 1606 adiret:
552 1567 611 1605 narn
627 1550 784 1607 hereditatis
800 1568 908 1624 quoque
923 1555 1035 1609 amissae
1051 1570 1092 1608 ra·

137 1641 241 1695 tionem
256 1653 316 1692 esse
331 1633 478 1692 habendam
493 1641 607 1690 constat.
637 1636 700 1689 item
715 1636 738 1689 si
753 1650 785 1690 ex
796 1636 852 1709 pari
867 1635 999 1692 mularum
1014 1654 1092 1692 unam

136 1723 181 1778 vel
194 1738 226 1776 ex
238 1720 367 1793 quadriga
380 1735 513 1791 equorum
524 1734 606 1772 unum
616 1718 752 1788 occiderit,
768 1720 811 1774 vel
826 1737 858 1776 cx
872 1720 1007 1776 comoedis
1023 1738 1092 1776 unus

137 1823 232 1862 servus
248 1804 329 1859 luerit
351 1805 468 1858 occisus:
490 1819 543 1857 non
558 1802 647 1857 solum
667 1803 748 1859 occisi
764 1800 795 1858 fit
809 1805 976 1875 aestimatio,
996 1805 1043 1860 sed
1059 1822 1091 1862 eo

136 1889 253 1962 emplius
268 1888 295 1944 id
311 1903 419 1960 quoque
431 1895 611 1959 computatur,
627 1895 726 1958 quanto
739 1886 879 1961 depretiati
895 1897 968 1958 sunt,
985 1891 1031 1961 qui
1046 1906 1091 1944 su-

136 1982 261 2049 persunt.
291 1970 414 2026 Liberum
429 1976 470 2024 est
485 1977 574 2025 autem
589 1972 624 2038 ei,
639 1972 714 2025 cuius
730 1987 822 2026 servus
838 1972 919 2028 luerit
934 1974 1049 2044 occisus,
1064 1982 1092 2028 et
1111 1971 1140 2020 11

136 2059 243 2132 privato
259 2054 357 2111 iudicio
372 2053 570 2126 legisdquiliae
581 2053 706 2108 damnum
722 2057 848 2126 persequi
864 2064 891 2110 et
906 2053 1024 2127 capitalis
1040 2057 1098 2111 cri(

137 2143 219 2197 minis
233 2132 313 2195 eum¹
329 2154 403 2193 reum
419 2137 516 2192 lacere.

202 2223 287 2297 Caput
308 2220 453 2278 secundum
475 2220 544 2292 legis
560 2219 678 2292 Aquiliae
698 2221 725 2274 in
747 2237 798 2276 usu
818 2230 939 2277 nonest.
983 2213 1091 2295 ²Capite
1110 2222 1141 2270 12

137 2310 220 2364 tertio
242 2308 275 2362 de
295 2307 366 2361 omni
386 2313 476 2360 cetero
498 2304 595 2358 damno
615 2312 731 2364 cavetur.
761 2303 851 2376 ltaque
872 2306 895 2361 si
910 2306 970 2378 quis
985 2323 1090 2361 servum
1111 2307 1141 2355 13

136 2392 179 2448 vel
196 2408 253 2446 eam
270 2387 478 2463 quadrupedem,
495 2403 563 2460 quae
577 2386 708 2460 pecudum
721 2404 832 2443 numero
848 2399 899 2464 est,
914 2388 1092 2446 vulneraverit

137 2479 195 2531 sive
211 2491 269 2530 eam
285 2472 496 2545 quadrupedem,
513 2487 580 2543 quae
596 2471 728 2544 pecudum
744 2488 854 2528 numero
870 2489 924 2528 non
941 2481 992 2546 est,
1007 2475 1090 2531 veluti

137 2575 230 2616 canem
243 2567 288 2613 aut
301 2557 382 2612 ieram
395 2555 518 2625 bestiam,
533 2554 709 2610 vulneraverit
723 2564 769 2610 ont
785 2557 920 2627 occiderit,
936 2558 989 2614 hoc
1004 2561 1091 2632 capite

138 2646 209 2700 actio
224 2641 409 2696 constituitur.
438 2641 466 2694 in
478 2640 574 2694 ceteris
584 2655 692 2712 quoque
707 2638 828 2695 omnihus
844 2641 1008 2711 animalibus,
1026 2643 1090 2698 item

136 2730 165 2784 in
182 2723 305 2782 omnibus
321 2723 417 2794 rebus,
438 2738 505 2795 quae
519 2723 605 2777 anima
620 2731 726 2792 carent,
746 2723 869 2778 damnum
889 2725 983 2780 iniuria
998 2726 1090 2781 datum

137 2813 187 2866 hac
208 2817 284 2882 perte
310 2807 465 2863 vindicatur.
511 2807 534 2861 si
556 2806 618 2878 quid
642 2809 710 2862 enim
732 2815 824 2862 ustum
845 2816 891 2862 aut
912 2815 1021 2881 ruptum
1044 2819 1089 2866 aut

137 2894 253 2950 inactum
275 2892 371 2962 luerit,
395 2893 463 2947 actio
484 2906 516 2944 ex
537 2890 588 2945 hoc
609 2892 695 2963 capite
720 2891 907 2945 constituitur:
929 2907 1090 2964 quamquam

136 2969 277 3052 potuerit³
293 2975 350 3030 sola
366 2975 437 3047 rupti
452 2973 595 3046 appellatio
610 2975 637 3029 in
653 2989 745 3029 omues
760 2974 824 3029 istas
840 2990 933 3030 causas
948 2974 1088 3035 sulficere:

137 3069 248 3136 ruptum
261 3061 330 3115 enim
342 3057 509 3131 intellegitur
519 3073 629 3130 quoquo
641 3057 720 3113 modo
733 3050 920 3131 corruptum.⁴
949 3060 1019 3116 unde
1035 3077 1090 3116 non

205 3288 226 3355 1)
243 3291 356 3352 fortasse
373 3290 502 3354 dependam
522 3288 641 3338 criminis
660 3288 838 3338 criminosum.
941 3289 962 3355 ²)
979 3293 1037 3355 sere
1056 3314 1088 3334 ==

138 3361 194 3414 Gai.
212 3362 237 3418 3,
257 3360 314 3408 217.
394 3355 416 3418 ⁸)
436 3355 490 3406 dat.
510 3355 612 3419 poterit
628 3357 701 3408 codd.
719 3363 767 3409 oet.
786 3358 826 3406 ed.
846 3357 895 3406 Kr.
913 3363 1023 3422 poterat
1041 3363 1088 3410 ali-

137 3430 180 3493 qui
196 3427 273 3485 infer.
292 3418 404 3488 ἐξήρκει
425 3422 535 3487 ΤΙιεορΙι.
604 3420 626 3486 4)
644 3424 680 3472 cio
697 3425 776 3487 aliqui
792 3426 864 3478 codd.
883 3426 959 3487 inser.
976 3427 1087 3492 Tdeova.

137 3508 245 3559 quoquo
272 3489 320 3556 (oet
342 3491 467 3556 quodquo
489 3493 527 3541 vel
549 3488 740 3555 quodquoquo)
769 3491 846 3541 modo
869 3499 1025 3558 corruptum
1047 3500 1087 3545 est

884 3573 934 3624 11*
