2500 3890
115 153 174 217 182
207 171 281 213 ouon
293 171 348 206 cuae
359 171 407 218 so,
419 170 467 214 eur
481 170 510 205 rra
521 169 621 204 ursas
632 167 785 203 eoruscare
798 167 855 212 ssr,
868 157 920 202 etc.
932 153 980 214 IV,
994 155 1018 207 1.

75 323 100 370 5·
113 310 247 384 peculium
268 319 295 365 et
314 316 416 364 tantum
437 309 549 378 habere,
573 317 603 364 ut
622 307 736 364 solidum
757 306 806 362 sibi
821 306 888 362 solvi
904 307 999 379 possit.
1036 304 1061 359 ls

114 410 239 466 quoque,
260 394 303 450 cui
318 390 457 447 tributoria
473 395 542 450 actio
558 393 700 466 competit,
721 407 805 465 aeque
821 390 853 445 de
869 390 975 463 peculio
990 396 1019 444 et
1033 389 1061 444 in

111 493 168 533 rem
182 494 260 533 verso
276 491 356 550 agere
370 484 475 548 potest:
491 477 539 532 sed
550 494 612 531 sane
628 477 689 532 lauic
703 475 783 530 modo
799 474 939 530 tributoria
955 472 1062 545 expedit

112 577 207 635 agere,
229 561 309 617 modo
327 559 360 614 de
380 559 486 632 peculio
506 567 534 616 et
553 561 581 615 in
595 575 653 615 rem
667 576 755 618 verso.
783 557 926 614 tributoria
940 557 1000 612 ides
1016 572 1061 611 ex-

112 645 187 718 pedit
201 661 295 717 agere,
311 644 374 715 quia
387 644 414 698 in
429 659 460 698 ea
473 643 573 699 domiai
590 643 712 699 corrdicie
727 643 871 716 praecipua
885 658 940 697 non
955 648 1012 710 est,
1034 639 1061 696 id

113 736 170 800 est,
193 728 265 800 quod
281 728 388 783 domino
404 727 530 796 debetur,
553 744 605 783 ncn
621 726 777 800 deducitur,
797 726 845 781 sed
860 725 979 781 eiusdem
994 724 1061 779 iuris

112 820 155 868 est
168 811 309 881 dominus,
329 813 404 866 cuius
425 819 452 867 et
472 812 555 867 ceteri
575 810 736 866 creditores:
759 817 786 865 at
804 811 832 865 in
847 811 951 865 actione
966 809 999 864 de
1014 825 1061 882 pe·

112 895 182 952 culio
198 904 260 950 ante
275 894 425 965 deducitur,
441 895 513 967 quod
529 894 637 949 domino
653 893 766 949 debetur
781 901 808 949 et
824 895 907 964 inid,
931 892 1004 964 quod
1019 908 1062 947 re-

111 978 213 1052 liquum
225 986 277 1048 est,
293 979 419 1035 creditori
431 978 554 1034 dominus
569 977 770 1035 condemnatur.
798 994 893 1032 rursus
908 975 941 1032 de
956 975 1062 1050 peculio

110 1063 172 1118 ideo
190 1061 297 1137 expedit
317 1078 413 1136 agere,
435 1062 507 1134 quod
527 1064 554 1118 in
574 1062 624 1117 hac
643 1063 747 1117 actione
767 1062 850 1116 totius
872 1059 968 1133 peculii
991 1061 1061 1114 ratio

111 1145 238 1217 habetur,
254 1154 280 1200 at
295 1147 321 1200 in
338 1145 478 1200 tributaria
492 1147 551 1201 eius
564 1153 685 1215 tantum,
700 1145 774 1219 quod
788 1146 953 1218 negotiatur,
969 1152 996 1198 et
1010 1159 1061 1216 po·

112 1239 165 1285 test
187 1231 300 1302 quisque
322 1230 401 1284 tertia
424 1230 494 1284 lerte
515 1239 591 1302 parte
613 1229 710 1301 peculii
733 1237 778 1284 aut
800 1236 895 1301 quarta
917 1227 959 1282 vel
981 1228 1061 1282 etiam

111 1313 219 1368 minima
234 1313 380 1386 negotiari,
401 1312 529 1368 maiorem
543 1322 631 1369 autem
653 1321 755 1386 partem
772 1314 799 1366 in
814 1311 930 1385 praediis
946 1317 974 1365 et
988 1327 1062 1365 men·

112 1398 189 1470 cipiis
204 1405 250 1451 aut
260 1395 364 1452 fenebri
375 1398 485 1470 pecunia
497 1397 603 1452 habere.
626 1404 708 1470 prout
722 1412 788 1469 ergo
804 1394 921 1468 expedit,
937 1397 973 1449 ita
988 1395 1061 1466 quis·

112 1497 164 1552 que
178 1480 221 1536 vel
235 1481 304 1535 hanc
318 1481 447 1536 actionem
459 1482 500 1537 vel
514 1480 585 1536 illam
597 1479 698 1554 eligere
711 1479 806 1534 dehet:
821 1487 894 1535 certe
909 1479 955 1550 qui
969 1486 1062 1551 potest

111 1562 237 1637 probare,
259 1566 286 1620 in
306 1580 361 1620 rem
380 1564 481 1620 domini
500 1581 605 1620 versum
629 1580 703 1635 esse,
724 1563 756 1618 de
775 1565 802 1618 in
817 1578 872 1618 rem
887 1578 966 1617 verso
980 1577 1062 1634 agere

80 1659 95 1706 6
113 1647 201 1704 dehet.
232 1647 303 1713 Quae
318 1646 431 1702 diximus
446 1648 479 1703 de
494 1665 572 1704 servo
587 1656 614 1702 et
629 1647 752 1715 domino,
774 1645 863 1701 eadem
878 1645 1061 1718 intellegimus

113 1740 139 1786 et
155 1731 188 1786 de
203 1729 259 1785 lilio
275 1738 302 1785 et
317 1728 370 1784 filia
385 1737 432 1785 aut
446 1740 545 1803 nepote
561 1739 588 1786 et
603 1738 698 1803 nepte,
720 1738 746 1784 et
761 1722 853 1803 patre¹
870 1744 967 1797 auore,
983 1730 1061 1783 cuins

81 1816 138 1872 tin
160 1821 293 1886 potestate
314 1823 387 1868 sunt.
429 1812 496 1868 lllud
516 1815 624 1886 proprie
643 1822 765 1868 servatur
785 1815 812 1867 in
827 1828 920 1869 eorum
935 1829 1061 1886 persona,

112 1897 184 1970 quod
203 1896 465 1952 senatusconsultum
486 1896 700 1952 Macedonianum
721 1895 872 1970 prohibuit,
893 1905 1000 1951 mutuas
1015 1912 1062 1969 pe-

113 1983 204 2037 cunias
219 1980 275 2036 dari
291 1982 338 2050 eis,
354 1982 441 2053 quiin
456 1980 574 2053 parentis
589 1989 668 2034 erunt
682 1987 831 2052 potestate:
848 1989 876 2035 et
891 1982 925 2050 ei,
941 1981 987 2051 qui
1003 1996 1062 2036 cre·

112 2065 224 2135 diderit,
247 2064 396 2136 denegatur
417 2066 487 2120 actio
511 2072 562 2118 tam
582 2063 709 2118 adversus
729 2065 816 2136 ipsum
838 2062 920 2118 lilium
936 2061 1061 2133 filiamve,

112 2157 237 2222 nepotem
258 2155 412 2220 neptemve,
434 2150 490 2204 sive
510 2147 596 2203 adhue
613 2150 640 2203 in
656 2155 789 2221 potestate
804 2156 880 2214 sunt,
903 2149 958 2202 sive
973 2155 1062 2202 morte

112 2233 230 2304 parentis
244 2230 284 2286 vel
295 2234 503 2304 emancipatione
513 2248 576 2287 suae
588 2233 731 2304 potestatis
746 2247 806 2286 esse
818 2232 965 2304 coeperint,
982 2247 1062 2303 quam

113 2314 239 2371 adversus
259 2323 361 2387 patrem
382 2331 505 2386 avumve,
528 2317 582 2370 sive
603 2314 699 2370 habeat
719 2331 766 2370 eos
781 2314 868 2370 adhuc
882 2316 908 2369 ia
924 2321 1062 2387 potestate

113 2399 167 2453 sive
182 2399 393 2471 emancipaverit.
437 2415 504 2470 quae
522 2398 583 2454 ideo
604 2407 715 2454 senatus
730 2399 883 2472 prospexit,
904 2399 966 2470 quia
981 2414 1061 2471 saepe

79 2491 80 2496 ’
113 2484 216 2537 onerati
234 2497 293 2536 aere
314 2481 401 2537 alieno
423 2482 581 2538 creditarum
596 2484 784 2555 pecuniarum,
807 2498 872 2553 quas
888 2483 914 2537 in
929 2481 1062 2536 luxuriam

79 2576 95 2624 8
113 2563 321 2634 consumebant,
341 2567 409 2621 vitae
424 2568 574 2638 parentium
589 2565 790 2621 insidiabantur.
834 2564 900 2620 lllad
916 2566 943 2620 in
958 2581 1062 2620 summa

113 2648 271 2704 admonendi
286 2665 393 2719 sumus,
408 2649 453 2720 id,
469 2649 541 2721 quod
556 2651 632 2704 iussu
646 2651 731 2722 patris
747 2649 879 2704 dominive
894 2657 1061 2705 contractum

112 2733 193 2788 luerit
219 2733 345 2804 quodque
373 2735 400 2788 in
428 2750 483 2788 rem
506 2734 562 2788 eius
585 2749 690 2788 versum
712 2732 809 2804 luerit,
836 2733 937 2788 directo
952 2748 1062 2804 quoque

112 2833 193 2889 posse
209 2834 223 2870 a
238 2827 314 2890 patre
330 2816 471 2872 dominove
486 2817 600 2887 condiet,
615 2826 750 2889 tamquam
765 2818 787 2871 si
803 2817 985 2889 principaliter
1000 2833 1062 2872 curn

112 2902 171 2973 ipsc
187 2901 325 2973 negotium
341 2911 446 2974 gestum
462 2909 541 2956 esset.
580 2903 604 2955 ei
626 2909 747 2972 quoque,
772 2902 817 2973 qni
840 2900 880 2955 vel
903 2901 1062 2957 exercitoria

112 2984 153 3039 vel
176 2985 310 3039 institoria
332 2987 436 3040 actione
458 2992 582 3055 tenetur,
610 2984 713 3039 directo
736 2999 816 3056 posse
838 2984 942 3040 condiet
963 2983 1061 3057 placet,

113 3069 174 3138 quia
190 3068 267 3123 huius
284 3083 391 3140 quoque
405 3070 481 3123 iussu
496 3076 663 3124 contractum
678 3067 855 3140 intellegitur.

181 3244 201 3311 ¹)
220 3251 248 3296 ct
266 3251 342 3309 petre
359 3248 438 3311 aliqui
454 3249 527 3298 codd.
545 3248 621 3310 inser.
642 3252 670 3296 et
688 3262 733 3297 om.
752 3249 825 3301 codd.
843 3255 891 3298 aet.
910 3249 951 3301 ed.
969 3247 1019 3298 Kr.
