2500 3890
431 200 467 234 nn
484 199 608 235 rusticas
626 199 743 234 rumeins
761 184 807 245 IV,
826 187 865 236 18.
1063 184 1123 246 201

170 346 234 394 runt
248 338 290 395 vel
310 338 376 394 mala
399 339 590 394 medicamenta
603 337 711 412 publice
729 338 913 395 vendiderunt.
957 339 1012 394 Alia
1027 338 1124 395 deinde
1141 350 1158 398 6

170 421 212 478 len
223 425 398 495 asperrimum
410 424 511 478 crimen
527 439 596 478 nova
611 439 698 495 poena
711 425 898 496 persequitur,
914 439 982 494 quae
997 422 1123 496 Pompeia

170 505 203 561 de
215 506 363 579 parricidiis
378 515 499 565 vocatur.
536 523 588 579 qua
603 515 726 578 cavetur,
745 514 791 576 ut,
814 499 855 561 ¹si
871 508 930 579 quis
945 508 1062 579 parentis
1078 515 1124 563 aut

170 587 216 644 filii
231 600 277 645 aut
292 591 401 646 omnino
417 589 575 646 adfectionis
591 591 663 659 eius,
685 605 753 662 quae
774 592 973 664 nuncupatione
989 591 1123 662 parricidii

170 675 338 745 continetur,
361 673 414 728 lata
435 675 633 746 properaverit,
654 674 709 728 slve
729 673 796 728 clam
815 675 871 729 sive
891 674 977 746 palam
993 673 1018 729 id
1041 691 1122 729 ausus

168 755 261 827 fuerit,
277 773 326 812 nec
341 773 395 812 non
410 759 444 827 is,
459 758 535 813 cuius
551 757 614 812 dolo
630 757 699 812 malo
715 757 742 812 id
757 756 855 812 iactum
871 766 928 826 est,
944 757 984 812 vel
1000 759 1123 813 conscius

169 840 286 896 criminis
301 841 401 909 existit,
416 841 479 896 licet
498 846 640 896 extraneus
656 841 705 910 sit,
726 856 812 912 poena
827 840 961 912 parricidii
976 834 1123 912 puniatur²

169 931 196 979 et
211 939 298 996 neque
314 924 404 998 gladio
417 940 504 996 neque
518 923 625 997 ignibus
640 940 727 994 neque
740 923 788 978 ulli
803 923 846 978 alii
862 924 984 979 sollemni
1000 917 1124 996 poenae3

168 1001 359 1081 subiugetur,⁴
373 1008 419 1064 sed
435 1009 542 1063 insutus
557 1008 634 1063 culeo
649 1023 709 1063 cum
725 1023 789 1063 cane
805 1015 832 1062 et
847 1007 918 1080 gallo
933 1006 1080 1080 gallinaceo
1096 1017 1123 1064 et

168 1092 259 1164 vipera
274 1099 302 1146 ct
321 1093 397 1147 simia
417 1099 444 1146 et
464 1092 535 1146 inter
555 1093 612 1145 eius
633 1091 729 1146 ferales
744 1093 881 1162 angustias
903 1091 1122 1163 comprehensus,

170 1174 317 1230 secuudum
334 1174 406 1247 quod
421 1176 541 1247 reglonis
557 1174 670 1247 qualitas
692 1174 799 1249 tulerit,
823 1175 864 1230 vel
881 1174 906 1229 in
923 1176 1036 1230 vicinum
1051 1190 1123 1229 mare

171 1257 210 1312 vel
223 1259 252 1312 in
267 1273 369 1312 amnem
384 1259 548 1331 proiciatur,
570 1267 600 1313 ut
620 1261 691 1314 omni
712 1258 906 1314 elementorum
926 1274 978 1312 usu
993 1259 1065 1313 vivus
1080 1275 1122 1314 ca·

170 1357 230 1396 rere
246 1341 355 1414 incipiat
375 1349 403 1397 et
424 1343 448 1398 ei
469 1341 570 1398 caelum
589 1343 744 1414 superstiti,
767 1351 838 1397 terra
853 1350 960 1397 mortuo
976 1341 1121 1397 auferatur.

169 1425 192 1479 si
210 1425 270 1496 quis
291 1434 381 1481 autem
400 1425 464 1480 alias
484 1426 646 1497 cognatione
665 1425 708 1480 vel
728 1423 863 1481 adfinitate
883 1426 1039 1480 coniunctas
1062 1441 1124 1498 per·

169 1524 250 1563 sonas
265 1510 415 1578 necaverit,
437 1524 550 1581 poenam
566 1509 636 1582 legis
651 1507 788 1563 Corneliae
803 1507 836 1564 de
851 1509 952 1563 sicariis
969 1507 1121 1565 sustinebit.

168 1591 234 1646 ltem
250 1591 293 1646 lex
308 1591 428 1646 Cornelia
444 1591 476 1646 de
498 1591 587 1661 salsis,
610 1607 676 1663 quae
698 1593 774 1646 etiam
791 1593 989 1646 testamentaria
1004 1599 1122 1656 vocatur,
1142 1586 1157 1633 7

170 1691 282 1748 poenam
303 1677 405 1749 irrogat
421 1677 461 1748 ei,
485 1676 530 1747 qui
553 1683 741 1730 testamentum
762 1675 803 1730 vel
823 1674 893 1730 aliud
915 1675 1123 1730 instrumentum

170 1759 265 1814 salsum
298 1760 451 1831 scripserit,
481 1758 641 1832 signaverit,
668 1760 834 1830 recitaverit,
862 1757 1021 1828 subiecerit,
1044 1760 1123 1832 quive

170 1842 276 1915 signum
291 1842 470 1898 adulterinum
486 1842 589 1912 iecerit,
604 1843 763 1916 sculpserit,
779 1844 941 1916 expresserit
958 1844 1043 1898 sciens
1059 1841 1122 1898 dolo

171 1926 250 1981 malo.
280 1927 392 1998 eiusque
406 1927 474 2000 legis
495 1943 582 1998 poena
602 1928 630 1981 in
651 1943 741 1982 servos
757 1927 880 1982 ultimum
895 1927 1055 1999 supplicium
1071 1933 1123 1996 est,

170 2009 243 2083 quod
259 2018 286 2064 et
301 2010 327 2064 in
342 2009 403 2083 lege
419 2009 451 2064 de
467 2011 567 2064 sicariis
580 2018 607 2064 et
618 2009 741 2065 veneficis
757 2018 888 2080 servatur,
903 2011 929 2063 in
945 2008 1044 2064 liberos
1061 2025 1122 2064 vero

170 2092 333 2166 deportatio.
370 2093 432 2148 ltem
454 2093 496 2147 lex
516 2092 581 2146 lulia
603 2092 636 2148 tle
657 2094 682 2146 vi
697 2091 802 2165 publica
817 2109 866 2146 seu
879 2091 982 2164 privata
996 2091 1122 2147 adversus
1141 2088 1156 2137 8

170 2191 217 2232 eos
233 2179 370 2246 exoritur,
386 2177 431 2248 qui
447 2177 498 2229 vim
514 2174 555 2229 vel
570 2183 694 2230 armatam
708 2174 751 2229 vel
765 2175 822 2230 sine
837 2176 916 2230 armis
931 2175 1122 2231 commiserint.

170 2260 216 2315 sed
232 2261 256 2314 si
269 2259 377 2331 quidem
393 2266 492 2314 armata
506 2261 546 2313 vis
562 2267 706 2332 arguatur,
725 2259 876 2332 deportatio
897 2260 922 2314 ei
936 2273 968 2312 en
982 2257 1044 2332 lege
1059 2258 1123 2314 lulia

171 2343 202 2398 dc
218 2345 243 2398 vi
257 2343 362 2416 publica
377 2344 532 2416 irrogatur:
555 2344 577 2396 si
593 2359 655 2398 vero
671 2344 729 2398 sine
745 2344 838 2412 armis,
859 2344 885 2397 in
900 2343 1005 2397 tertiam
1021 2351 1123 2415 partem

170 2425 302 2483 honorum
330 2426 474 2500 publicatio
502 2427 659 2499 imponitur.
702 2427 745 2481 sin
773 2435 861 2481 autem
890 2427 1009 2499 pervim
1032 2434 1124 2498 raptus

171 2511 283 2584 virginis
299 2511 340 2566 vel
355 2511 448 2565 viduae
463 2509 505 2565 vel
521 2509 742 2576 sanctimonialis,
763 2509 866 2565 velatae
880 2509 921 2565 vel
937 2503 1029 2580 aliae,⁵
1044 2511 1124 2565 luerit

171 2601 360 2667 perpetratus,
381 2601 445 2649 tunc
460 2601 487 2649 et
501 2601 654 2666 peccatores
670 2600 697 2648 et
712 2594 751 2664 ei,
774 2596 819 2665 qui
835 2610 913 2667 opem
928 2592 1030 2665 flagitio
1045 2593 1125 2648 dede·

172 2734 370 2743 ———-—..—

239 2836 376 2900 ¹..)ltine
390 2854 446 2889 .au
448 2839 551 2889 feretur
568 2839 715 2900 sere=L
735 2842 757 2888 l.
777 2839 806 2889 θ.
825 2842 857 2889 de
875 2840 924 2902 his,
943 2840 986 2902 qui
1001 2848 1123 2902 parentes

171 2905 208 2971 (9,
223 2905 274 2968 1⁷).
292 2908 348 2956 coll.
360 2877 393 2956 L.
408 2911 430 2956 l
443 2908 467 2959 6.
486 2907 518 2955 D.
538 2908 570 2955 de
587 2909 641 2969 tepe
658 2907 746 2969 Pomp
766 2908 797 2956 de
814 2909 911 2969 parvis.
930 2904 982 2968 (48,
996 2904 1032 2966 9).
1101 2905 1122 2970 ²)

172 2975 250 3039 aliqui
266 2975 340 3023 codd
364 2975 440 3036 infer.
464 2973 526 3024 ooo.
549 2974 643 3037 puniet
645 2989 676 3022 ur
698 2977 813 3037 plerique
836 2975 910 3022 codd.
930 2973 988 3020 edd.
1008 2973 1079 3023 Scir.
1098 2983 1123 3024 et

170 3041 221 3094 Kr.
306 3038 382 3103 ¹)sic
399 3043 468 3090 multi
484 3042 557 3092 codd.
580 3042 655 3101 inser.
676 3039 736 3093 Coti
756 3041 820 3090 lust.
838 3039 894 3089 ulla
911 3037 1003 3093 alia..
1018 3054 1123 3102 .poena

170 3109 244 3158 codd
258 3115 307 3160 oet.
323 3107 416 3158 Theoti.
435 3107 462 3161 0
477 3109 534 3157 edd.
547 3105 619 3156 Scor
637 3106 722 3160 etKr
806 3104 828 3167 4)
847 3107 907 3160 ch.
926 3106 990 3156 lust.
1009 3107 1123 3156 subicie-

170 3179 213 3223 tur
225 3176 299 3225 codd.
312 3176 369 3224 edd.
383 3175 454 3224 Scir.
467 3181 492 3222 et
504 3174 553 3222 Kr.
622 3173 649 3253 ¹)
661 3175 762 3236 scripsi.
745 3173 825 3222 ivel
843 3173 1060 3224 sanctimonialis
1077 3175 1123 3224 vel

172 3241 327 3291 aliaecodd.
340 3243 397 3291 edd.
409 3235 487 3291 sed
469 3258 486 3304 η
500 3257 538 3307 τῳ
526 3231 649 3306 θεῳ’
633 3235 833 3322 αφωρισμὲνῃν
846 3232 920 3290 τοῦτ’
940 3233 1054 3289 ἐηστιν
1036 3235 1121 3304 neuq-

170 3324 251 3373 τριαν
269 3300 358 3373 ἤγουν
377 3291 564 3358 διακόνισσαν
580 3291 690 3371 Theopla.
706 3309 783 3371 periit
800 3309 877 3371 igitur
894 3308 924 3357 ob
941 3308 1123 3358 similitudinem

170 3392 223 3425 eum
243 3391 297 3441 aeq.
319 3393 340 3425 u
364 3375 469 3424 velatae
492 3377 525 3424 de
546 3377 635 3424 velatis
656 3376 706 3424 oid.
729 3375 791 3424 Nou.
808 3375 904 3425 Maior
927 3375 1121 3440 vtt.V1.1pr.
