2500 3890
174 185 235 248 128
269 202 371 244 cornus
388 201 474 237 noma
493 201 527 236 nra
544 199 734 237 connaturalia
752 199 899 236 oenrcnrro
912 185 963 248 111,
977 187 1008 235 14
1020 183 1082 250 (15).

174 341 270 398 utenda
286 342 373 411 datur,
387 341 413 396 id
430 348 472 396 est
486 338 681 408 commodatur,
696 355 726 394 re
737 337 873 411 obligatur
887 346 914 393 et
930 346 1038 393 tenetur
1051 354 1125 394 com·

174 424 274 481 medati
290 427 403 480 actione.
435 423 481 480 sed
497 423 519 478 is
535 422 631 493 abeo,
655 423 701 494 qui
715 430 836 476 mutuum
852 422 969 494 accepit,
989 422 1070 495 longe
1085 422 1125 476 di-

174 516 242 564 stat:
258 524 371 580 namque
386 524 440 562 non
456 509 492 562 ita
507 523 550 562 res
566 505 658 572 datur,
677 515 706 560 ut
721 507 778 560 eius
793 503 853 576 liat,
869 514 896 561 et
911 504 945 559 ob
960 504 986 559 id
1001 505 1033 560 de
1049 521 1078 560 ea
1095 521 1126 560 re

173 593 232 665 ipsa
247 591 412 646 restituenda
428 599 545 647 tenetur.
590 597 617 645 et
632 591 655 644 is
670 589 793 662 quidem,
814 590 861 661 qni
875 597 996 644 mutuum
1012 589 1126 662 accepit,

174 676 197 730 si
212 673 332 746 quolibet
347 673 461 730 lortuito
477 691 556 744 casu,
572 673 644 746 quod
660 675 778 746 accepit,
791 674 923 743 amiserit,
938 671 1020 727 veluti
1034 674 1126 728 incen-

173 756 238 829 dio,
256 759 349 830 ruina,
365 757 505 832 naufragio
521 767 567 813 ant
581 757 714 812 latronum
730 757 879 812 hostinmve
893 757 1019 827 incursu,
1039 755 1125 811 nihilo

174 842 260 896 minus
277 841 411 915 obligatus
426 848 573 914 permanet.
617 849 644 894 at
658 841 696 910 is,
719 841 765 911 qui
779 839 907 895 utendum
922 841 1039 911 accepit,
1060 852 1127 895 sane

175 925 283 996 quidem
297 935 413 981 exactam
428 926 592 998 diligentiam
607 923 796 979 custodiendae
811 925 849 978 rei
866 932 1002 997 praestare
1016 922 1127 978 iubetur

173 1023 223 1064 nec
244 1007 343 1065 sulflcit
364 1010 403 1079 el,
428 1017 526 1064 tantam
546 1007 709 1081 diligentiam
730 1004 898 1077 adhibuisse,
921 1013 1046 1078 quantam
1068 1009 1137 1062 suis·

174 1090 254 1147 rebus
270 1092 393 1147 adhibere
414 1091 510 1146 solitus
533 1098 590 1161 est,
611 1092 635 1146 si
656 1090 735 1146 modo
758 1089 824 1148 alius
847 1090 1003 1163 diligentior
1023 1092 1128 1164 poterit

174 1190 232 1230 eam
246 1191 304 1230 rem
319 1174 467 1230 custodire:
486 1174 532 1229 sed
548 1183 660 1248 propter
677 1174 804 1230 maiorem
819 1175 870 1229 vim
886 1175 1031 1230 maioresve
1047 1191 1127 1230 casus

173 1273 228 1314 non
244 1267 366 1330 tenetur,
386 1259 408 1312 si
429 1257 508 1313 modo
529 1274 583 1313 non
602 1255 681 1313 huius
701 1258 778 1331 culpa
798 1259 820 1312 is
841 1274 919 1314 casus
933 1260 1125 1317 intervenerit:

125 1331 130 1342 ”
174 1341 295 1413 alioquin
307 1343 329 1397 si
347 1342 383 1413 id,
400 1342 471 1413 qnod
490 1339 536 1396 tihi
548 1341 743 1398 commodatum
761 1349 811 1412 est,
827 1357 942 1415 peregre
955 1341 1024 1397 lerre
1036 1351 1127 1398 tecum

175 1426 298 1481 malueris
319 1435 346 1481 et
367 1426 408 1480 vel
431 1426 539 1481 incursu
560 1424 678 1481 hostium
703 1425 901 1499 praedonumve
922 1424 963 1479 vel
982 1425 1126 1501 nanlragio

174 1511 308 1579 amiseris,
331 1508 439 1565 dubium
455 1526 509 1565 non
524 1518 580 1579 est,
602 1511 665 1582 quin
680 1508 714 1563 de
728 1508 893 1565 restituenda
908 1524 938 1563 ea
953 1525 982 1564 re
997 1513 1125 1566 tenearis.

172 1592 338 1648 commodata
353 1602 441 1648 antem
455 1609 500 1648 res
515 1600 580 1648 tunc
594 1594 701 1666 proprie
715 1592 898 1666 intellegitur,
920 1593 943 1646 si
958 1591 1032 1647 nulla
1053 1610 1127 1649 mer·

173 1675 238 1731 cede
253 1685 360 1748 accepta
382 1675 421 1731 vel
442 1677 590 1731 constituta
610 1693 652 1731 res
669 1676 715 1731 tibi
731 1678 827 1733 utenda
844 1676 903 1730 data
919 1685 969 1731 est.
1006 1675 1127 1749 alioquin

170 1759 294 1813 'mercede
309 1761 501 1814 interveniente
515 1759 619 1814 locatus
641 1758 687 1814 tibi
703 1775 766 1814 usus
781 1761 821 1815 rei
835 1759 953 1814 videtur:
974 1763 1127 1833 gratuitum

140 1842 243 1896 tenim
265 1841 344 1897 debet
364 1858 422 1897 esse
444 1841 650 1898 commodatum.
687 1842 827 1898 Praeterea
850 1852 877 1898 et
898 1843 937 1914 is,
958 1844 1028 1916 apud
1044 1861 1126 1916 quem

173 1941 216 1980 res
231 1924 318 1997 aliqua
333 1925 489 1998 deponitur,
506 1941 535 1980 re
551 1923 687 1999 obligatur
704 1934 730 1981 et
745 1928 849 1982 actione
864 1926 994 1999 depositi,
1014 1923 1080 2000 qua¹
1097 1939 1127 1986 et

173 2011 230 2082 ipse
245 2009 277 2064 de
292 2026 323 2065 ea
338 2025 378 2081 re,
395 2025 472 2082 qnam
488 2009 601 2082 aceepit,
616 2010 780 2065 restituenda
797 2019 912 2068 tenetur.
941 2010 988 2065 sed
1004 2013 1026 2066 is
1043 2029 1075 2067 ex
1091 2029 1125 2069 eo
1229 2053 1230 2064 ,

172 2093 231 2149 solo
245 2101 367 2164 tenetur,
387 2095 409 2148 si
425 2092 489 2165 qnid
504 2093 567 2149 dolo
588 2095 767 2165 commiserit,
787 2094 882 2167 eulpae
901 2102 988 2149 autern
1003 2098 1126 2169 nomine,

170 2178 198 2233 id
214 2186 256 2233 est
270 2178 385 2233 desidiae
399 2185 479 2250 atque
494 2177 692 2250 neglegentiae,
706 2194 760 2233 uon
773 2186 892 2234 tenetur:
907 2179 998 2249 itaque
1010 2196 1126 2237 securus

174 2269 229 2332 est,
250 2264 296 2332 qui
317 2278 409 2335 parum
430 2261 573 2335 diligenter
587 2262 749 2317 custoditam
764 2278 820 2317 rem
836 2262 908 2317 lucto
924 2263 1027 2335 amisit,
1050 2266 1126 2337 qnia,

173 2345 219 2415 qui
234 2345 389 2418 neglegenti
410 2347 494 2400 amico
514 2361 570 2400 rem
585 2346 785 2402 custodiendam
801 2339 939 2418 tradidit,²
960 2363 1024 2402 suae
1040 2347 1126 2405 lacili·

140 2433 155 2480 4
174 2430 222 2482 tati
238 2426 264 2481 id
279 2430 411 2501 imputare
426 2427 514 2484 debet.
551 2427 674 2485 Creditor
688 2445 811 2502 quoque,
834 2430 878 2501 qui
895 2432 992 2503 pignus
1009 2435 1125 2506 accepit,
1227 2451 1228 2460 ¹

172 2526 201 2566 re
217 2510 367 2585 obligatur,
389 2513 434 2584 qui
453 2521 480 2567 et
501 2514 559 2585 ipse
579 2512 612 2568 de
627 2529 657 2568 ea
672 2515 729 2587 ipsa
744 2530 790 2585 re,
810 2530 888 2586 quam
904 2515 1021 2587 accepit,
1043 2519 1126 2574 resti·

170 2594 268 2651 tuenda
281 2603 387 2650 tenetur
403 2596 506 2650 actione
517 2597 697 2668 pignoraticia.
727 2596 774 2652 sed
790 2598 852 2670 qnia
866 2597 965 2671 pignus
980 2601 1126 2674 utriusque
1226 2603 1227 2640 ἲ

171 2680 256 2753 gratia
272 2679 364 2748 datur,
380 2686 406 2734 et
422 2679 566 2750 debitoris,
581 2695 635 2751 quo
650 2683 734 2754 magis
749 2681 772 2735 ei
789 2683 899 2754 pecunia
913 2682 1082 2757 crederetur,
1098 2695 1125 2743 et

170 2762 327 2833 creditoris,
343 2779 397 2834 quo
414 2764 496 2835 magis
512 2763 535 2816 ei
550 2764 577 2818 in
593 2772 651 2819 tuto
667 2766 702 2819 sit
717 2765 857 2837 creditum,
873 2766 972 2838 placuit
987 2767 1125 2842 sulficere,

171 2847 243 2918 quod
258 2847 289 2902 ad
305 2863 359 2902 eam
375 2863 432 2902 rem
447 2846 646 2902 custodiendam
662 2856 776 2905 exactam
792 2850 956 2924 diligentiam
968 2849 1125 2910 adlribere:³

172 2947 251 3003 quam
266 2931 288 2985 si
302 2932 466 3004 praestiterit
481 2938 508 2985 et
520 2928 609 3002 aliquo
625 2930 738 2988 fortuito
750 2949 813 2990 casn
828 2950 884 2989 rem
900 2936 1029 3007 amiserit,
1044 2953 1125 2996 secu·
1224 2959 1225 2962 ¹

171 3030 230 3069 rum
246 3031 305 3070 esse
320 3031 369 3071 nec
383 3014 504 3087 impediri
520 3013 651 3069 creditum
665 3023 769 3088 petere.

239 3173 259 3240 1)
277 3177 384 3239 scripsi:
407 3193 463 3226 nam
485 3166 521 3242 ἣν
545 3170 597 3239 ἔξω
623 3177 732 3242 Τήεορὴ.
757 3181 803 3246 qui
824 3183 939 3248 plerique
961 3185 1037 3238 codd.
1062 3189 1123 3240 edd.

172 3244 235 3308 quie
252 3245 304 3294 alii.
372 3240 393 3303 ²)
416 3243 460 3306 T¹,
483 3243 591 3306 Theopd.
610 3241 778 3312 (παραδούς)
797 3251 836 3298 ed.
849 3248 920 3302 Scir.
940 3251 1025 3300 tradit
1037 3252 1063 3300 B
1082 3258 1124 3310 ed.

170 3309 220 3358 Kr.
323 3306 343 3371 ⁸)
368 3324 402 3358 eae
423 3310 567 3374 quibusdem
590 3315 664 3366 codd.
688 3315 764 3376 infer.
791 3315 929 3366 adhiberet
955 3321 1036 3368 ceteri
1061 3324 1123 3373 edd.

171 3375 243 3424 Schr-
261 3383 287 3425 et
304 3376 353 3424 Kt·
375 3379 421 3425 ted
443 3385 467 3426 et
488 3385 564 3427 antea
585 3396 634 3444 pro
656 3381 779 3432 sulficere
801 3386 881 3432 metim
898 3393 1021 3448 oportere
1038 3377 1124 3452 ὀφεί-

172 3441 229 3500 λεις
250 3443 360 3506 ΤΙιεορΙι.
