2492 3896
239 189 274 223 nn
291 188 428 224 nsarrrura
444 188 632 225 nouunronuu
649 189 823 226 successiones
842 175 893 239 ΙΙΙ,
912 177 937 226 2.
1007 173 1068 238 105

114 328 195 385 iuerat
215 338 373 402 acceptura,
394 329 432 385 vei
454 337 532 402 pater
552 345 646 384 eorum
661 329 701 386 vei
722 347 785 386 avus
800 339 928 404 paternus
943 331 998 386 sive
1013 346 1067 385 ma·

36 473 37 480 ,
114 421 215 484 ternus,
231 413 338 485 quaudo
355 414 454 468 iemina
469 421 575 468 mortua
590 415 642 486 sit,
664 413 741 469 cuius
757 415 789 470 de
803 414 954 470 hereditate
967 414 1067 487 agitur,

113 496 216 568 hisque,
233 496 296 552 licet
311 496 363 552 soli
379 498 451 568 sint,
472 495 633 552 adeuntibus
653 497 783 570 adgnatos
804 499 910 554 minime
931 495 1067 554 vocabant.

113 587 136 635 et
149 581 370 653 quemadmodum
383 580 426 636 iex
440 580 580 636 duodecim
593 579 744 636 tabularum
759 580 813 636 filio
829 590 937 637 mortuo
952 589 1066 654 nepotes

112 663 147 718 vei
163 673 259 737 neptes
275 665 319 720 vel
337 674 503 737 pronepotes
523 674 550 720 et
568 672 716 737 proneptes
732 666 759 719 in
775 665 863 720 locum
878 665 961 737 patris
977 664 1066 720 suiad

112 750 304 804 successionem
320 749 361 802 avi
377 755 470 803 vocat:
491 749 528 803 ita
543 756 570 803 et
590 748 743 822 principalis
758 741 921 820 dispositio²
935 749 962 802 in
978 749 1066 804 iocum

111 832 197 887 matris
214 849 280 887 suae
294 832 337 888 vel
353 833 425 886 aviae
447 848 493 887 eos
516 848 576 886 euim
592 833 643 887 iam
658 831 796 904 designata
811 832 896 903 partis
911 833 1005 887 tertiae
1020 831 1066 887 de-

111 915 256 971 minutione
271 923 358 970 vocat.
389 913 443 970 Sed
459 932 519 986 nos,
534 931 595 970 curu
610 915 697 971 adbuc
711 913 843 971 dubitatio
859 915 982 969 manebat
995 917 1067 970 inter
1085 922 1116 970 16

111 997 237 1071 adgnatos
253 1008 280 1055 et
296 1008 457 1055 memoratos
474 1007 598 1071 nepotes,
613 1006 715 1071 partem
732 1007 853 1072 quartam
868 997 988 1053 defuncti
1003 998 1066 1054 sub·

111 1085 217 1138 stantiae
239 1081 364 1156 adgnatis
379 1082 430 1138 sibi
452 1082 647 1138 vindicantibus
662 1099 694 1138 ex
710 1082 846 1139 cuiusdam
861 1081 1066 1138 constitutionis

111 1169 277 1235 auctoritate,
293 1174 466 1221 memoratam
478 1166 584 1238 quidem
596 1168 819 1222 constitutionem
834 1183 848 1221 a
864 1174 958 1221 nostro
973 1164 1067 1222 codice

111 1251 308 1324 segregavimus
329 1266 417 1321 neque
437 1250 520 1305 inseri
540 1266 597 1305 eam
618 1267 648 1305 eu
670 1250 857 1306 Theodosiano
878 1248 970 1305 codice
990 1251 1017 1304 in
1033 1265 1065 1305 eo

110 1335 298 1392 concessimus.
324 1341 418 1389 nostra
431 1343 520 1389 autem
532 1328 746 1389 constitutioue²
762 1333 933 1407 promulgata
949 1335 1000 1388 toti
1015 1334 1067 1388 iuri

110 1417 161 1470 eius
177 1417 342 1491 derogatum
358 1426 400 1472 est
416 1426 443 1472 et
459 1419 611 1489 sanximus,
634 1417 732 1473 tatibus
747 1417 891 1490 nepotibus
907 1433 939 1472 ex
954 1415 1007 1471 filia
1023 1417 1066 1472 vel

109 1500 302 1574 pronepotibus
316 1517 347 1556 er
359 1510 440 1574 nepte
456 1509 483 1556 et
500 1501 624 1574 deinceps
641 1499 842 1574 superstitibus,
859 1500 990 1573 adgnatos
1005 1499 1066 1555 nul·

109 1581 156 1638 lam
170 1591 275 1657 partem
298 1587 398 1640 mortui
418 1586 596 1640 successionis
611 1583 661 1640 sibi
681 1585 831 1654 vindicare,
853 1601 886 1640 ne
907 1584 950 1653 bi,
972 1585 1018 1655 qui
1034 1600 1065 1638 er

110 1673 258 1724 transversa
281 1669 351 1723 linea
372 1669 496 1738 veniunt,
526 1669 646 1740 potiores
672 1669 714 1723 bis
736 1666 899 1738 habeantur,
922 1668 968 1738 qui
990 1675 1065 1723 recto

109 1749 162 1806 iure
173 1751 357 1808 descendunt:
372 1768 452 1823 quam
464 1753 682 1808 constitutionem
698 1761 818 1807 nostram
835 1753 955 1825 optinere
970 1766 1066 1806 seeun-

110 1831 165 1888 dum
188 1837 233 1891 sui
255 1837 376 1909 vigorem
400 1842 427 1890 et
450 1843 573 1908 tempora
595 1845 623 1891 et
644 1852 716 1891 uutrc
737 1837 880 1891 sancimus.
909 1837 946 1890 ita
958 1827 1067 1890 tamen³

110 1919 330 1987 quemadmodum
364 1920 435 1974 iuter
468 1919 538 1973 tilios
569 1926 597 1973 et
628 1928 742 1992 nepotes
773 1936 805 1974 ex
833 1919 888 1974 filio
921 1919 1082 1990 antiquitas·

110 2004 199 2058 statuit
221 2019 277 2058 non
298 2003 326 2056 in
347 2003 434 2075 capita
455 2002 502 2058 sed
523 2004 549 2057 in
571 2004 669 2075 stirpes
685 2002 765 2056 dividi
781 2002 971 2074 hereditatem,
995 2001 1066 2056 siuti-

110 2081 167 2141 liter
182 2103 234 2142 nos
250 2088 323 2141 iuter
334 2084 405 2141 filios
415 2095 443 2141 et
454 2095 569 2159 nepotes
582 2101 614 2141 eu
626 2085 679 2140 iilia
692 2083 908 2140 distributionem
921 2084 980 2139 beri
990 2082 1065 2139 iube·

111 2182 180 2240 mus,
201 2169 245 2225 vel
261 2171 333 2224 inter
348 2185 441 2224 omues
456 2179 569 2242 nepotes
585 2177 613 2224 et
634 2177 728 2242 neptes
744 2175 772 2222 et
787 2168 850 2222 alias
866 2167 990 2240 deinceps
1005 2183 1067 2240 per-

110 2265 198 2320 sonas,
223 2262 254 2309 ut
276 2261 392 2324 utraque
412 2254 556 2325 progenies
571 2255 665 2307 matris
680 2268 745 2306 suae
759 2250 801 2306 vel
816 2253 916 2324 patris,
937 2251 1010 2307 aviae
1025 2250 1066 2306 vel

111 2337 147 2390 avi
169 2339 325 2411 portionem
355 2337 413 2390 sine
436 2336 490 2391 ulla
519 2335 702 2391 deminutione
724 2344 941 2408 consequantur,
964 2328 1024 2406 et,4
1045 2337 1067 2390 si

110 2415 175 2476 forte
192 2438 264 2476 unus
286 2419 327 2476 rel
349 2420 402 2475 duo
422 2435 454 2474 ex
475 2435 526 2474 una
541 2429 633 2492 parte,
656 2436 688 2475 er
709 2418 793 2474 altera
809 2428 863 2474 tres
878 2429 923 2475 aut
939 2427 1069 2492 quattuor

111 2511 209 2573 extent,
226 2521 298 2559 unus
311 2503 420 2558 autduo
434 2502 578 2574 dimidiam,
594 2503 671 2560 alteri
684 2512 738 2559 tres
756 2512 803 2559 aut
814 2513 943 2577 quattuor
958 2504 1067 2559 aiteram

110 2583 240 2644 dimidiam
256 2587 412 2643 hereditatis
427 2586 551 2644 babeant.

188 2818 239 2868 ore
258 2817 437 2869 neutrius
455 2749 707 2867 indiffinitam
727 2814 981 2866 SUOOESSIONE.

169 2922 198 2979 Si
220 2939 300 2978 nemo
321 2939 386 2978 suus
408 2923 486 2977 heres
506 2922 548 2976 vei
569 2938 678 2991 eorum,
694 2937 763 2992 quos
783 2921 855 2974 inter
875 2935 939 2974 suos
954 2919 1067 2974 heredes
1082 2923 1111 2962 Pr

111 3015 217 3074 praetor
233 3005 273 3060 vel
289 3007 498 3062 constitutiones
510 3014 616 3076 vocant,
629 3014 701 3060 extat
714 2997 780 3059 aut⁵
791 3004 989 3058 successionem
1001 3020 1068 3076 quo·

112 3110 307 3122 Q*—

175 3165 197 3231 ¹)
215 3169 247 3222 L.
266 3171 290 3220 9.
312 3169 338 3222 0.
357 3171 398 3218 eit.
484 3165 506 3232 ²)
525 3168 556 3220 L.
577 3169 615 3216 tu.
635 3167 663 3217 0.
684 3168 737 3216 eod·
830 3164 851 3228 ³)
869 3167 910 3215 ita
929 3171 1021 3216 tamen
1038 3171 1069 3216 ut

110 3235 180 3284 cedd.
203 3243 230 3285 et
251 3238 309 3285 edd.
334 3237 382 3286 sed
405 3237 535 3285 delendum
557 3236 636 3284 uisum
657 3245 699 3295 ut,
722 3249 776 3282 cum
797 3248 844 3282 nec
870 3233 980 3296 Tdeopb.
1006 3234 1070 3284 daea

111 3303 180 3362 quasi
200 3304 405 3366 supptemendum
427 3309 522 3352 tuntum
544 3303 640 3366 prioris
662 3301 848 3350 constitutionis
869 3301 977 3362 referat.
1045 3299 1067 3360 ⁴¹)

114 3366 220 3432 Tbeopb.
240 3375 272 3420 ut
289 3372 364 3422 codd.
384 3371 442 3422 edd.
515 3369 536 3431 ⁵)
558 3368 685 3432 Tteopr.‚·
702 3369 777 3418 codd.
797 3374 864 3417 inter
881 3371 912 3416 ut
929 3371 967 3418 cel
986 3373 1014 3418 et
1031 3372 1070 3419 oet

109 3437 134 3481 et
152 3437 196 3499 qui
214 3444 240 3486 et
256 3439 347 3486 similia
364 3439 472 3490 ocriom.
