2500 3890
160 173 221 236 190
434 189 470 223 on
488 186 704 225 sxcsrrronreus
723 172 770 234 IV,
789 175 828 226 13.

123 338 140 401 54
157 331 258 399 mnari,
279 328 433 384 defenditur
454 345 503 401 per
518 330 701 401 exceptionem
717 329 787 401 pacti
802 328 934 382 conventi.
977 326 1069 398 Aeque
1085 327 1110 380 si

156 412 262 469 debitor
285 412 422 468 deferente
445 412 576 468 creditore
597 414 738 482 iuraverit,
761 411 826 466 nihil
847 427 876 466 se
891 411 954 465 dare
969 418 1109 483 oportere,

158 497 245 552 adbuc
260 496 394 567 obligatus
410 504 562 569 permanet3
588 496 635 551 sed
652 497 712 568 quia
726 497 848 567 iniquum
863 503 919 565 est,
941 493 974 548 de
989 495 1108 567 periurio

157 580 266 654 quaeri,
287 579 439 635 defenditur
458 596 506 652 per
527 581 709 653 exceptionem
724 577 904 634 iurisiurandi.
941 579 968 632 in
983 577 1023 632 his
1040 593 1108 650 quo-

158 680 210 736 que
225 662 391 734 actionibus,
412 661 507 736 quibus
522 664 550 718 in
565 680 620 718 rem
640 665 744 736 agitur,
764 679 848 734 aeque
863 661 1028 717 necessariae
1044 669 1109 716 sunt

157 748 341 819 exceptiones:
363 745 445 801 veluti
468 747 491 801 si
513 749 629 820 petitore
650 746 786 801 deserente
807 762 949 818 possessor
973 746 1109 814 iuraverit,

157 846 214 885 eam
229 846 285 885 rem
300 846 374 884 suam
389 846 463 899 esse,
483 838 510 885 et
531 829 614 885 nihilo
635 831 723 884 minus
738 829 848 886 eandem
864 845 919 884 rem
934 830 1036 900 petitor
1050 829 1108 883 vin-

157 913 240 969 dicet:
263 913 326 969 licet
345 915 416 968 enim
436 929 527 968 verum
548 915 598 984 sit,
621 913 693 986 quod
714 913 843 982 intendit,
865 911 891 968 id
912 920 954 967 est
972 929 1028 968 rem
1049 915 1108 967 eius

124 1005 231 1066 cesse,
253 998 374 1069 iniquum
395 1007 436 1052 est
459 1005 558 1066 tamen,
582 1013 766 1070 possessorem
782 996 961 1054 condemnari.
996 995 1060 1051 item
1085 999 1109 1051 si

157 1081 255 1137 iudicio
267 1089 355 1138 tecum
368 1089 456 1136 actum
472 1081 554 1136 luerit
565 1083 620 1136 sive
635 1083 662 1136 in
675 1096 732 1136 rem
747 1082 802 1135 sive
818 1081 845 1134 in
856 1095 1007 1153 personam,
1022 1080 1109 1135 nihilo

158 1166 246 1219 minus
262 1163 296 1219 ob
311 1164 336 1218 id
353 1157 441 1220 actiol
458 1163 536 1220 durat
550 1174 577 1220 et
591 1165 651 1220 ideo
666 1166 726 1236 ipso
741 1166 799 1220 iure
815 1173 908 1236 postea
924 1164 956 1218 de
971 1164 1062 1218 eadem
1077 1181 1110 1219 re

157 1247 284 1302 adversus
302 1256 327 1303 te
342 1249 384 1320 agi
400 1255 505 1320 potest:
528 1249 575 1303 sed
590 1248 670 1304 debes
689 1264 738 1320 per
753 1249 936 1320 exceptionem
952 1249 990 1302 rei
1005 1247 1108 1304 iudica·
1209 1262 1212 1267 ·

124 1341 139 1388 6
159 1338 200 1386 tae
214 1331 339 1386 adiuvari.
370 1329 440 1387 Haec
454 1331 566 1405 exempli
588 1348 665 1388 causa
680 1331 818 1387 rettulisse
833 1330 957 1390 sufficiet.
988 1330 1110 1404 alioquin

158 1431 236 1488 quam
258 1431 290 1470 ex
311 1415 402 1470 multis
422 1417 554 1487 variisque
574 1417 660 1472 causis
675 1417 845 1488 exceptiones
861 1415 1026 1470 necessariae
1042 1417 1109 1484 sint,

158 1515 190 1554 ex
199 1496 337 1554 latioribus
350 1498 516 1572 digestorum
528 1516 576 1555 seu
587 1500 776 1572 pandectarum
788 1497 861 1555 libris
872 1498 994 1571 intellegi
1004 1507 1109 1570 potest.

125 1593 139 1640 7
158 1575 293 1648 ²Qoarum
309 1582 437 1654 quaedam
453 1582 604 1657 exlegibus
619 1583 661 1639 vel
677 1600 708 1638 ex
723 1584 781 1652 his,
796 1599 863 1653 quae
879 1582 945 1652 legis
960 1584 1042 1639 vicem
1058 1599 1109 1656 op-

158 1667 254 1735 tinent,
269 1665 310 1720 vel
322 1683 353 1721 ex
363 1667 449 1738 ipsius
459 1668 591 1740 praetoris
604 1667 788 1723 iurisdictione
801 1665 974 1722 substantiam
989 1668 1110 1740 capiunt.

90 1755 144 1822 8(v)
157 1748 332 1821 Appellantur
343 1757 432 1803 autem
444 1751 615 1823 exceptiones
625 1751 691 1805 aliae
702 1758 847 1823 perpetuae
859 1758 887 1804 et
900 1751 1110 1822 peremptoriae,

90 1838 146 1904 tle)
158 1831 223 1887 aliae
239 1831 399 1905 temporales
411 1841 439 1888 et
449 1833 597 1889 dilatoriae.
626 1833 773 1906 Perpetuae
783 1843 811 1889 et
823 1834 1017 1906 peremptoriae
1032 1843 1110 1904 sunt,

158 1931 226 1988 quae
240 1931 345 1987 semper
360 1915 499 1989 agentibus
516 1915 623 1972 obstant
638 1926 666 1973 et
680 1932 786 1990 semper
799 1933 871 1988 rem,
892 1916 925 1972 de
941 1935 992 1990 qua
1007 1919 1110 1990 agitur,

159 2006 313 2073 peremunt:
338 2000 424 2072 qualis
445 2008 487 2056 est
506 2001 628 2074 exceptio
649 1999 703 2056 doli
718 2000 780 2055 mali
795 2009 822 2055 et
837 1999 909 2073 quod
925 2009 1012 2056 metus
1028 2017 1109 2057 causa

159 2082 309 2138 factumest
320 2085 428 2156 etpacti
441 2086 575 2154 conventi,
590 2101 651 2140 cum
662 2085 698 2139 ita
713 2085 878 2154 convenerit,
893 2100 926 2139 ne
939 2086 1048 2139 omnino
1062 2101 1109 2158 pe·

77 2164 147 2231 10(9)
162 2167 1110 2241 cuniapeteretur.'iemporalesatquedilatoriaesunt,quaeadtempus

158 2257 291 2305 nocentet
303 2253 432 2323 temporis
439 2251 592 2308 dilationem
602 2251 723 2307 tribuunt
731 2270 738 2306 :
747 2251 833 2322 qualis
843 2259 885 2306 est
893 2252 963 2325 pacti
972 2254 1109 2324 conventi,

158 2349 219 2389 cum
234 2337 397 2405 convenerit,
412 2351 446 2390 ne
460 2337 529 2392 intra
544 2343 647 2392 certum
664 2344 769 2408 tempus
784 2343 927 2408 ageretur,
941 2335 1024 2390 veluti
1039 2337 1110 2391 intra

159 2417 380 2490 quinquennium.
416 2435 476 2473 nam
496 2417 572 2474 finito
592 2435 624 2474 eo
645 2427 766 2493 tempore
791 2436 845 2474 non
866 2419 1011 2490 impeditur
1032 2426 1111 2474 actor

158 2515 214 2556 rem
230 2501 349 2572 exsequi.
386 2518 452 2575 ergo
472 2503 516 2570 bi,
539 2501 634 2574 quibus
655 2503 725 2558 intra
741 2510 845 2574 tempus
861 2518 940 2576 agere
955 2502 1109 2558 volentibus

160 2583 276 2639 obicitur
294 2585 415 2657 exceptio
436 2594 482 2641 aut
501 2587 573 2658 pacti
592 2587 715 2642 conventi
735 2593 780 2640 aut
801 2585 850 2640 alia
868 2585 977 2655 similis,
1000 2584 1110 2642 differre

159 2666 257 2723 debent
271 2669 401 2724 actionem
417 2671 522 2742 etpost
537 2677 641 2742 tempus
657 2685 750 2742 agere:
766 2669 827 2724 ideo
842 2672 910 2724 enim
928 2677 955 2725 et
969 2669 1110 2724 dilatoriae

158 2753 224 2806 istae
236 2753 405 2825 exceptiones
418 2752 595 2826 appellantur.
620 2752 748 2824 alioquin,
763 2755 785 2807 si
798 2754 867 2809 intra
883 2759 988 2824 tempus
1002 2754 1112 2824 egerint

159 2834 316 2907 obiectaque
330 2837 365 2890 sit
380 2839 517 2909 exceptio,
534 2852 621 2909 neque
637 2852 668 2891 eo
684 2835 784 2891 iudicio
800 2835 944 2908 quidquam
960 2853 1111 2908 conseque·

159 2925 254 2974 rentur
274 2928 386 2991 propter
406 2923 588 2993 exceptionem
609 2936 659 2974 nec
680 2928 742 2992 post
764 2927 869 2991 tempus
886 2919 948 2974 olim
964 2936 1047 2992 agere
1060 2936 1110 2992 po·

160 3009 260 3071 terant,
283 3003 342 3058 cum
362 3011 462 3058 temere
481 3019 538 3058 rem
557 3005 583 3058 in
599 3002 725 3057 iudicium
747 3001 912 3057 deducebant
927 3011 954 3058 et
969 3020 1110 3058 consume·

159 3084 237 3154 bant,
253 3101 305 3156 qua
319 3088 421 3144 ratione
436 3103 492 3142 rem
507 3086 672 3144 amittebant.
698 3085 779 3141 bodie
793 3094 881 3142 antem
895 3103 950 3142 non
965 3089 1002 3142 ita
1016 3088 1111 3142 stricte

227 3295 247 3362 1)
265 3299 367 3362 scripsi,
386 3300 454 3363 qnod
469 3298 595 3362 intellige:
612 3299 688 3348 nileilo
705 3298 736 3348 ob
754 3300 793 3356 id,
816 3301 883 3364 qnod
900 3305 981 3349 nebim
999 3305 1049 3358 cst,
1067 3301 1112 3348 nei·

159 3381 218 3424 πως
237 3381 293 3414 nam
310 3371 336 3414 et
353 3359 386 3415 αἱ
401 3358 454 3430 μὲν
472 3357 581 3430 ἀγωγαὶ
599 3361 734 3429 μένουσιν
755 3365 866 3430 Tleeepb.
884 3367 1018 3430 obligatio
1035 3368 1112 3416 codd.

160 3433 217 3481 edd.
236 3432 354 3481 absurde.
422 3429 443 3493 ²)
458 3432 518 3494 sere
536 3453 568 3473 ι·-
588 3433 643 3483 Gai.
662 3435 691 3494 4,
711 3435 767 3484 118.
