2500 3890
168 189 203 224 nn
218 187 400 238 onarennron.,
415 187 487 230 onan
501 187 580 230 onaan
594 188 628 221 nx
640 187 758 223 nnnrono
770 186 928 223 nnecnunnn
939 172 987 232 IV,
1001 175 1024 227 b.
1061 169 1120 232 167

169 331 220 397 tis;
236 328 314 384 aliter
329 328 398 384 euim
411 329 544 383 senatoris
555 337 583 383 et
596 329 715 401 parentis
726 329 898 400 patronique,
913 327 990 382 aliter
1002 327 1121 383 extranei

169 421 196 466 et
210 413 317 468 humilis
333 427 463 485 personae
484 413 579 467 iniuria
594 413 759 466 aestimatur.
789 427 987 483 nonnumquam
1003 419 1030 467 et
1044 410 1121 466 locus

169 496 286 551 vulneris
301 503 418 551 atrocem
434 496 554 550 iniuriam
570 496 645 566 iacit,
660 494 742 550 veluti
757 496 823 550 siin
839 496 918 550 oculo
934 495 994 567 quis
1010 510 1120 568 pereus-

169 596 214 634 sus
229 581 273 637 sit.
303 573 311 612 ¹
321 580 395 653 parvi
410 587 498 634 antem
513 578 615 649 refert,
636 588 726 634 utrum
742 578 923 652 patrifamilias
940 595 972 633 an
989 576 1120 634 filiofami-

168 662 216 718 lias
231 662 291 718 talis
309 664 406 718 iniuria
421 662 489 718 lacta
504 663 553 717 sit:
574 663 635 717 nam
652 671 678 717 et
698 662 763 716 haec
778 671 854 716 atrox
869 662 1061 718 aestimabitur.
1091 660 1120 716 ln
1139 659 1171 708 10

167 762 270 802 summa
291 746 429 802 sciendum
452 754 510 818 est,
535 745 568 801 de
590 747 662 800 omui
683 747 777 800 iniuria
799 760 875 818 eum,
898 747 943 817 qui
959 762 1052 818 passus
1068 753 1120 815 est,

167 847 248 904 posse
264 829 306 885 vel
322 829 493 884 criminaliter
508 845 588 902 agere
600 829 640 884 vel
653 829 774 884 civiliter.
805 831 869 883 etsi
885 828 991 901 quidem
1007 828 1122 884 civiliter

167 923 280 988 agatur,
301 914 485 968 aestimatione
505 912 574 968 iacta
589 911 736 969 secundum
751 910 823 984 quod
839 912 938 967 dictum
955 921 1013 981 est,
1035 929 1121 984 poena

167 999 324 1071 imponitur.
353 998 394 1051 siu
410 1004 498 1051 autem
507 996 689 1067 criminaliter,
705 993 794 1050 officio
806 994 902 1050 iudicis
914 995 1121 1050 extraordinaria

167 1097 253 1154 poena
264 1097 312 1136 reo
325 1081 476 1153 irrogatur:
492 1080 544 1135 boc
558 1079 679 1136 videlicet
691 1078 866 1149 observando,
883 1079 956 1150 quod
970 1079 1121 1134 Zenoniana

167 1156 348 1220 constitutio²
362 1163 522 1235 introduxit,
539 1171 569 1218 ut
580 1164 626 1218 viri
638 1163 757 1218 illustres
773 1164 873 1235 quique
887 1179 969 1237 supra
984 1179 1030 1218 eos
1047 1171 1120 1232 suut,

168 1257 195 1304 et
216 1265 265 1322 per
287 1256 477 1320 procuratores
492 1248 599 1320 possint
619 1249 750 1303 actionem
772 1247 927 1302 iniuriarum
950 1245 1121 1302 criminaliter

168 1332 209 1388 vel
225 1332 353 1405 persequi
368 1331 408 1386 vel
423 1333 560 1402 suscipere
575 1330 723 1386 secundum
738 1331 795 1384 eius
812 1341 939 1398 tenorem,
957 1332 1001 1404 qui
1017 1347 1049 1385 ex
1063 1332 1119 1403 ipsa

167 1415 335 1471 manifestius
350 1423 469 1487 apparet.
500 1405 577 1469 3Νοι]
592 1414 679 1469 solum
691 1422 779 1468 autem
793 1415 815 1468 is
830 1414 986 1468 iniuriarum
1003 1421 1118 1483 tenetur,
1139 1411 1169 1458 11

167 1501 213 1571 qui
233 1499 299 1555 iecit
312 1499 454 1565 iniuriam,
475 1498 529 1553 boc
548 1505 590 1552 est
610 1499 655 1568 qui
671 1497 817 1570 percussit:
839 1512 930 1551 verunt
951 1496 996 1552 ille
1011 1511 1120 1569 quoque

167 1581 358 1652 continebitur,
375 1583 421 1655 qui
437 1580 501 1636 dolo
517 1581 579 1636 iecit
590 1580 632 1635 vel
647 1582 693 1653 qui
707 1582 824 1648 curavit,
840 1588 871 1634 ut
886 1580 929 1634 cui
945 1579 1010 1634 mala
1026 1595 1119 1652 pugno

166 1674 363 1740 percuteretur.
393 1665 464 1720 llaec
479 1666 548 1719 actio
564 1663 773 1732 dissimulatione
789 1663 927 1719 aboletur:
949 1673 976 1719 et
997 1662 1073 1734 ideo,
1097 1662 1169 1718 si12

167 1752 226 1824 quis
247 1751 371 1805 iniuriam
394 1748 581 1820 dereliquerit,
603 1748 656 1804 boe
675 1758 717 1803 est
738 1749 825 1803 statim
846 1763 941 1820 passus
956 1746 988 1802 ad
1004 1749 1121 1802 animum

165 1849 243 1890 sunm
255 1850 311 1888 non
322 1833 498 1904 revocaverit,
510 1839 604 1904 postea
621 1848 653 1887 en
670 1832 836 1905 poenitentia
847 1834 985 1887 remissam
998 1831 1120 1887 iniuriam

166 1934 221 1974 non
235 1918 338 1991 poterit
351 1915 481 1972 recolere.

593 2126 649 2167 TIT.
663 2125 690 2166 V.

198 2213 248 2264 DE
269 2211 592 2272 OBLIGATIONIBUS,
615 2209 712 2272 QUAE
732 2208 839 2271 QUASI
857 2209 907 2260 EX
924 2208 1085 2260 DELIC'I'O

532 2293 758 2345 NASOUNTUR.

230 2412 276 2474 ⁴Si
289 2416 366 2474 iudex
379 2417 453 2473 litem
468 2433 543 2472 snam
555 2418 659 2486 iecerit,
676 2433 730 2471 non
742 2418 850 2488 proprie
862 2432 894 2471 en
906 2415 1035 2472 maleficio
1052 2416 1119 2472 obli·
1133 2427 1167 2467 rr.

166 2511 247 2577 gatus
268 2503 382 2557 videtur.
420 2500 468 2556 sed
489 2503 551 2572 quia
573 2517 661 2572 neque
682 2516 714 2554 en
729 2507 870 2555 contractu
886 2499 1021 2574 obligatus
1036 2509 1078 2556 est
1094 2509 1121 2556 et

166 2587 262 2658 utique
283 2601 409 2658 peccasse
429 2585 529 2657 aliquid
551 2583 734 2656 intellegitur,
754 2583 819 2639 lieet
833 2600 882 2656 per
896 2583 1119 2656 imprudentiam:

164 2669 226 2725 ideo
244 2670 348 2724 videtur
362 2669 438 2740 quasi
452 2684 484 2723 er
500 2666 629 2723 maleficio
646 2667 748 2738 teneri,
769 2669 838 2722 etin
854 2676 981 2738 quantum
997 2666 1030 2721 de
1045 2683 1074 2721 ea
1090 2683 1120 2722 re

165 2768 280 2826 aequum
292 2753 418 2826 religioni
436 2751 575 2807 iudicantis
586 2751 730 2822 videbitur,
747 2765 861 2823 poenam
873 2749 1024 2809 sustinebit.
1054 2749 1120 2806 ltem
1139 2748 1151 2794 1

166 2837 204 2908 is,
227 2852 259 2891 ea
281 2837 358 2892 ouius
374 2834 519 2892 coenaculo
541 2835 583 2889 vel
602 2835 713 2908 proprio
729 2834 813 2906 ipsius
828 2832 870 2889 vel
886 2831 1019 2888 conducto
1035 2833 1077 2888 vel
1092 2836 1119 2890 iu

166 2937 221 2994 quo
242 2920 327 2994 gratis
350 2918 499 2996 habitabat,
521 2917 653 2974 deiectum
674 2916 819 2972 eiiusumve
841 2915 940 2988 aliquid
956 2925 1015 2989 est,
1039 2917 1075 2972 ita
1090 2926 1121 2973 ut

235 3163 255 3230 ¹)
267 3187 301 3208 =
313 3167 346 3215 L.
365 3169 388 3216 9.
407 3167 430 3226 §-
445 3167 469 3215 2.
488 3166 520 3218 D.
540 3168 571 3215 de
589 3166 664 3214 lnior.
683 3161 735 3229 (47,
749 3162 790 3223 10)
810 3178 845 3213 em
864 3163 921 3227 Uip.
939 3167 956 3218 t.
976 3166 1008 3214 57
1025 3165 1060 3214 od
1077 3165 1118 3214 cd.

166 3231 188 3296 ²)
207 3235 240 3284 L.
260 3237 298 3283 11.
317 3233 346 3283 o,
366 3235 398 3282 ue
415 3235 491 3282 entur.
510 3231 544 3292 (o,
564 3234 614 3293 aa).
703 3229 724 3294 ³)
744 3231 782 3290 it.
804 3232 843 3279 11.
862 3234 892 3280 12
909 3232 966 3294 sere
984 3251 1017 3272 -ε
1035 3231 1067 3283 L.
1088 3233 1118 3281 11

165 3317 207 3364 pr.
225 3301 249 3362 5.
265 3305 287 3349 1.
301 3301 333 3350 D.
350 3302 382 3350 de
394 3303 469 3350 intur.
487 3297 713 3364 (47,10)emUlp.
728 3299 744 3347 l.
758 3299 790 3346 57
808 3299 843 3348 ad
854 3301 894 3348 cd.
961 3295 983 3358 ⁴)
1001 3314 1042 3360 pr.
1061 3299 1083 3358 ξ,
1104 3300 1117 3346 1

165 3369 219 3422 t'nt't.
235 3369 293 3431 sere
311 3387 345 3409 ==
363 3369 397 3417 L.
415 3369 439 3417 5.
457 3367 497 3428 ἐξ.
513 3367 537 3414 4.
556 3369 579 3415 ὃ.
597 3367 631 3415 D.
651 3367 682 3416 de
701 3364 749 3416 obl·
768 3372 793 3414 ei
810 3373 859 3415 aot.
878 3362 929 3430 (44,
948 3362 975 3429 t)
993 3366 1025 3414 L.
1043 3367 1067 3416 6.
1085 3365 1117 3414 Ι).

165 3438 197 3485 de
214 3437 351 3486 eoetroord.
372 3449 444 3498 copo.
463 3436 515 3497 (50,
536 3429 587 3495 13).
