2472 3896
989 27 998 60 r

238 184 273 218 nr
293 183 434 220 susenems
451 183 605 221 ruaonrnus
622 185 655 220 rr
673 184 860 221 cunanoamna
877 172 899 233 Ι,
917 173 956 221 26.
1033 154 1075 233 33

116 331 236 397 cavetur,
251 332 282 380 ut
294 339 343 381 nec
353 325 472 399 pupillus
486 325 518 383 ad
530 325 675 398 legitimam
688 317 800 382 tutelam
809 335 921 383 vocetur
935 311 986 383 nec
1001 325 1075 382 adul·

115 415 175 464 tus:
191 424 251 464 cum
267 417 325 464 erat
338 409 453 481 incivile,
470 425 528 481 eos,
547 411 593 482 qui
607 409 694 465 alieno
709 410 808 466 auxilio
823 412 850 465 in
862 409 943 466 rebus
959 411 1015 466 suis
1030 409 1075 464 ad-

115 492 301 548 ministrandis
323 509 405 566 egere
419 502 571 549 noscuntur
592 502 621 548 et
634 489 695 548 sub
712 492 772 548 aliis
793 503 937 568 reguntur,
960 493 1074 549 aliorum

115 575 230 632 tutelam
245 576 287 632 rel
302 592 392 633 curam
408 575 507 634 sublre.
538 576 609 633 ldem
625 585 652 632 et
668 579 695 632 in
710 577 795 634 milite
811 576 1004 634 observandum
1021 584 1073 650 est,
1094 587 1125 634 14

114 668 148 716 ut
161 675 211 716 nec
225 660 318 716 volens
330 660 363 716 ad
375 660 476 717 tutelae
491 676 588 716 munus
600 660 763 720 admittatur.
791 660 856 717 ltem
872 661 971 718 llomae
986 676 1075 734 gram·
1093 670 1125 720 15

114 745 217 815 matici,
238 744 361 799 rhetores
381 751 409 800 et
429 745 523 801 medici
539 753 566 800 et
582 746 626 818 qui
642 747 668 799 in
684 746 769 818 patria
789 762 836 800 sun
859 745 884 800 id
899 753 1025 801 exercent
1046 752 1074 800 et

114 829 186 884 iutra
201 843 344 884 numerum
359 835 433 899 suut,
448 845 463 884 a
477 827 564 884 tutela
578 829 618 884 vel
634 844 698 884 cura
713 826 811 884 habent
825 831 999 887 vacationem.

182 904 250 978 ¹Qui
266 919 353 967 autem
368 927 397 967 se
411 912 469 968 vult
484 928 621 984 excusare,
636 913 660 968 sl
675 910 767 984 plures
777 911 873 967 haheat
888 913 1073 968 excusationes
1092 922 1124 970 16

115 993 192 1052 etde
207 993 364 1068 quibusdam
387 1013 442 1053 non
461 994 629 1070 probaverit,
652 995 711 1051 aliis
732 997 771 1052 uti
792 997 862 1051 intra
882 1005 1004 1069 tempora
1018 1011 1074 1051 nou

115 1077 288 1153 prohibetur.
325 1081 371 1152 qul
385 1095 513 1136 excusare
527 1096 557 1135 se
570 1079 675 1150 volunt,
696 1096 751 1136 non
766 1079 915 1152 appellant:
935 1077 982 1134 sed
1004 1080 1074 1134 intra

114 1162 173 1218 dies
188 1164 382 1236 quinquaginta
397 1165 550 1231 continuos,
573 1179 605 1218 ex
620 1180 674 1235 quo
689 1169 887 1236 cognoverunt,
903 1177 1030 1220 excusare
1044 1177 1075 1218 sc

115 1245 216 1302 debent
230 1240 436 1323 (cuiuscumque
452 1247 559 1320 generis
575 1252 654 1315 sunt,
675 1246 701 1301 id
717 1256 759 1303 est
773 1247 1005 1320 qualitercumque
1020 1246 1074 1301 dati

114 1328 218 1384 fuerint
235 1327 361 1402 tutores),
378 1331 401 1385 si
417 1331 486 1385 intra
501 1331 676 1384 centesimum
690 1328 804 1401 lapidem
819 1339 883 1385 sunt
904 1329 935 1385 ab
950 1347 983 1386 eo
999 1330 1072 1402 loco,

116 1411 163 1467 ubi
174 1420 280 1467 tutores
295 1411 349 1468 dati
365 1420 442 1468 suut:
457 1413 480 1468 si
495 1428 559 1468 vero
575 1412 646 1467 ultra
660 1414 835 1468 centesimum
850 1411 980 1485 habitant,
996 1412 1073 1468 dinu-

115 1495 265 1550 meratione
279 1495 349 1552 iacta
363 1498 457 1570 viginti
477 1494 589 1552 millium
609 1495 768 1551 diurnorum
789 1496 944 1569 etamplius
960 1497 1073 1570 triginta

115 1579 230 1635 dierum.
260 1579 333 1651 quod
343 1587 441 1646 tamen,
456 1587 486 1635 ut
498 1579 623 1635 Scaevola
634 1576 748 1650 dicebat,
763 1581 803 1636 sic
817 1579 897 1635 dehet
912 1580 1072 1652 computari,

114 1677 150 1718 ne
165 1663 253 1718 miuus
267 1665 322 1719 sint
337 1679 417 1737 quam
436 1664 630 1737 quinquaginta
651 1662 717 1718 dies.
747 1663 828 1719 llatus
844 1670 933 1719 autem
948 1672 1026 1720 tutor
1040 1663 1072 1718 ad
1091 1677 1122 1725 1¹1

114 1748 269 1802 universum
284 1749 475 1820 patrimonium
490 1747 567 1803 datus
583 1763 642 1803 esse
660 1745 787 1805 creditur.
817 1746 868 1815 Qui
889 1747 1001 1803 tutelam
1024 1747 1072 1803 ali-
1092 1759 1124 1809 18

113 1832 191 1886 cuius
206 1832 302 1904 gessit,
323 1833 422 1887 invitus
438 1839 547 1888 curator
562 1831 680 1888 eiusdem
696 1828 753 1886 fieri
769 1848 825 1887 nou
840 1831 1023 1905 compellitur,
1045 1833 1073 1886 iu

114 1923 218 1970 tautum
232 1922 273 1986 ut,
288 1915 352 1971 licet
366 1923 453 1990 pater,
469 1916 515 1989 qui
530 1921 690 1971 testamento
706 1923 824 1971 tutorem
837 1914 950 1986 dederit,
965 1916 1071 1984 adiecit,

115 2014 145 2053 se
160 1998 274 2054 eundem
290 2006 442 2056 curatorem
451 1999 525 2070 dare,
537 2005 626 2054 tamen
636 1999 748 2054 invitum
760 2015 820 2054 eum
835 2015 925 2054 curam
934 2001 1072 2072 suscipere

114 2097 171 2137 non
181 2082 343 2155 cogendum,
359 2083 411 2138 divi
424 2083 538 2139 Severus
553 2088 582 2137 et
591 2082 742 2137 Antoninus
754 2083 960 2154 rescripserunt.
990 2080 1073 2137 lidem
1091 2097 1123 2145 19

115 2165 329 2237 rescripserunt,
351 2168 476 2223 maritum
495 2166 573 2221 uxori
593 2181 657 2221 suae
672 2171 822 2220 curatorem
838 2165 929 2220 datum
944 2180 1073 2222 excusare

115 2265 145 2304 se
160 2264 251 2321 posse,
266 2247 329 2303 licet
341 2264 369 2303 se
381 2250 536 2304 immisceat.
566 2247 665 2321 Siquis
678 2257 768 2304 autem
778 2247 851 2303 lalsis
862 2247 1071 2322 allegationibus
1090 2264 1123 2313 20

114 2333 316 2388 excusationem
331 2332 431 2389 tutelae
447 2332 559 2402 meruit,
581 2348 636 2387 non
657 2339 699 2387 est
719 2329 847 2389 liberatus
863 2343 947 2389 onere
961 2333 1070 2390 tutelae.

515 2561 573 2602 utu.
583 2560 668 2602 1va

176 2644 227 2695 Du
247 2643 442 2697 SUSPEGTIS
458 2644 664 2697 TUTORIBUS
682 2645 729 2695 ET
747 2645 1010 2702 CURATORIBUS.

126 2783 128 2790 ·
179 2761 340 2824 ²Scieudum
356 2774 398 2822 est
413 2768 530 2841 suspecti
546 2768 646 2824 crimen
661 2783 675 2823 e
690 2767 751 2840 lege
763 2767 904 2823 duodecim
920 2767 1071 2823 tabularum
1085 2776 1119 2819 Pr.

115 2852 287 2914 descendere.
317 2851 411 2906 ilatum
427 2860 571 2907 astantem
586 2851 627 2906 ius
642 2849 795 2907 removendi
810 2859 950 2922 suspectos
967 2859 1071 2907 tutores
1091 2865 1105 2911 1

116 2937 213 2994 Romae
236 2937 355 3009 praetori
375 2942 403 2990 et
422 2937 449 2990 in
468 2935 612 3007 provinciis
634 2933 800 3009 praesidibus
817 2949 908 2989 earum
931 2943 959 2988 et
980 2933 1071 3008 legato

116 3020 294 3094 proconsulis.
324 3018 504 3092 Ostendimus,
520 3021 565 3092 qui
577 3028 693 3092 possunt
703 3018 737 3073 de
747 3027 875 3091 suspecto
891 3033 1071 3091 cognoscere:
1089 3032 1104 3080 2

185 3299 205 3367 ¹)
222 3303 276 3352 intr.
294 3323 329 3344 =
347 3303 377 3355 L.
395 3303 435 3356 21.
453 3301 476 3361 5.
496 3301 518 3352 1.
537 3301 570 3349 D.
594 3301 626 3348 de
649 3313 736 3348 eneam
760 3306 804 3352 tut.
824 3296 880 3363 (2⁷,
901 3295 926 3362 1)
944 3314 980 3349 ecc
997 3299 1069 3350 Mor-

114 3371 183 3419 cs'am'
200 3374 216 3419 l.
234 3373 250 3419 2
267 3371 345 3420 instit.
413 3369 439 3429 2)
450 3369 510 3431 fere
521 3387 554 3408 =
566 3365 597 3416 L.
616 3367 639 3416 1.
658 3366 697 3427 ἐξ.
716 3368 818 3419 2...a.
837 3368 869 3416 0.
888 3369 919 3416 de
936 3382 1006 3431 susp.
1023 3371 1068 3419 tut.

115 3437 168 3502 (26,
188 3438 230 3498 10)
249 3452 283 3487 eac
303 3437 360 3501 Uip.
378 3438 394 3484 l.
413 3439 445 3487 35
463 3437 498 3485 ad
514 3436 555 3484 ed.

148 3534 306 3571 rvsrlnrsnr
329 3533 542 3570 ntsrrrvrrouus.
902 3519 919 3566 3
