<?xml version="1.0" encoding="UTF-8"?>
<!DOCTYPE html PUBLIC "-//W3C//DTD XHTML 1.0 Transitional//EN"
    "http://www.w3.org/TR/xhtml1/DTD/xhtml1-transitional.dtd">
<html xmlns="http://www.w3.org/1999/xhtml" xml:lang="en" lang="en">
 <head>
  <title>
</title>
<meta http-equiv="Content-Type" content="text/html;charset=utf-8" />
  <meta name='ocr-system' content='tesseract 3.04.00' />
  <meta name='ocr-capabilities' content='ocr_page ocr_carea ocr_par ocr_line ocrx_word'/>
</head>
<body>
  <div class='ocr_page' id='page_1' title='image "./impiustinianiin00huscgoog_0176.png"; bbox 0 0 2500 3890; ppageno 0'>
   <div class='ocr_carea' id='block_1_1' title="bbox 256 195 1093 262">
    <p class='ocr_par' dir='ltr' id='par_1_1' title="bbox 256 195 1093 262">
     <span class='ocr_line' id='line_1_1' title="bbox 256 195 1093 262; baseline 0.004 -16"><span class='ocrx_word' id='word_1_1' title='bbox 256 208 355 252; x_wconf 78' lang='lat' dir='ltr'><strong>eumne</strong></span> <span class='ocrx_word' id='word_1_2' title='bbox 372 211 459 248; x_wconf 82' lang='lat' dir='ltr'><strong>monta</strong></span> <span class='ocrx_word' id='word_1_3' title='bbox 478 211 624 248; x_wconf 77' lang='lat' dir='ltr'><strong>osnrenrro</strong></span> <span class='ocrx_word' id='word_1_4' title='bbox 643 211 779 248; x_wconf 77' lang='lat' dir='ltr'><strong>rocnrrma</strong></span> <span class='ocrx_word' id='word_1_5' title='bbox 794 197 845 260; x_wconf 88' lang='lat'><strong>111,</strong></span> <span class='ocrx_word' id='word_1_6' title='bbox 863 199 895 247; x_wconf 73' lang='lat'><strong>29</strong></span> <span class='ocrx_word' id='word_1_7' title='bbox 915 195 976 262; x_wconf 83' lang='grc'>(30).</span> <span class='ocrx_word' id='word_1_8' title='bbox 1036 196 1093 258; x_wconf 70' lang='grc'><strong>151</strong></span> 
     </span>
    </p>
   </div>
   <div class='ocr_carea' id='block_1_2' title="bbox 139 412 1095 577">
    <p class='ocr_par' dir='ltr' id='par_1_2' title="bbox 139 412 1095 577">
     <span class='ocr_line' id='line_1_2' title="bbox 466 412 762 463; baseline 0.007 -11"><span class='ocrx_word' id='word_1_9' title='bbox 466 412 525 454; x_wconf 84' lang='lat' dir='ltr'><strong>mr.</strong></span> <span class='ocrx_word' id='word_1_10' title='bbox 538 412 643 454; x_wconf 83' lang='lat' dir='ltr'><strong>xxvm</strong></span> <span class='ocrx_word' id='word_1_11' title='bbox 657 413 762 463; x_wconf 65' lang='grc' dir='ltr'>(κω).</span> 
     </span>
     <span class='ocr_line' id='line_1_3' title="bbox 139 512 1095 577; baseline 0 -13"><span class='ocrx_word' id='word_1_12' title='bbox 139 513 210 570; x_wconf 73' lang='lat' dir='ltr'><strong>Ptin</strong></span> <span class='ocrx_word' id='word_1_13' title='bbox 223 513 320 576; x_wconf 60' lang='lat' dir='ltr'><strong>QUAS»</strong></span> <span class='ocrx_word' id='word_1_14' title='bbox 328 512 514 568; x_wconf 71' lang='lat' dir='ltr'><strong>Pmasouts</strong></span> <span class='ocrx_word' id='word_1_15' title='bbox 527 513 637 567; x_wconf 74' lang='lat' dir='ltr'><strong>noeis</strong></span> <span class='ocrx_word' id='word_1_16' title='bbox 649 513 847 566; x_wconf 74' lang='lat' dir='ltr'><strong>OBLIGATIO</strong></span> <span class='ocrx_word' id='word_1_17' title='bbox 859 513 1095 577; x_wconf 76' lang='lat' dir='ltr'><strong>ADQUIRITUR.</strong></span> 
     </span>
    </p>
   </div>
   <div class='ocr_carea' id='block_1_3' title="bbox 204 645 1143 727">
    <p class='ocr_par' dir='ltr' id='par_1_3' title="bbox 204 645 1143 727">
     <span class='ocr_line' id='line_1_4' title="bbox 204 645 1143 727; baseline -0.002 -21"><span class='ocrx_word' id='word_1_18' title='bbox 204 645 512 726; x_wconf 74' lang='lat' dir='ltr'><strong>¹Eapositis‘generibns</strong></span> <span class='ocrx_word' id='word_1_19' title='bbox 528 651 740 726; x_wconf 78' lang='lat' dir='ltr'>obligationum,</span> <span class='ocrx_word' id='word_1_20' title='bbox 763 669 830 727; x_wconf 92' lang='lat' dir='ltr'><strong>quae</strong></span> <span class='ocrx_word' id='word_1_21' title='bbox 852 668 884 707; x_wconf 81' lang='lat' dir='ltr'><strong>er</strong></span> <span class='ocrx_word' id='word_1_22' title='bbox 900 661 1038 708; x_wconf 89' lang='lat' dir='ltr'><strong>contractu</strong></span> <span class='ocrx_word' id='word_1_23' title='bbox 1053 652 1096 708; x_wconf 90' lang='lat' dir='ltr'><strong>vel</strong></span> <span class='ocrx_word' id='word_1_24' title='bbox 1140 695 1143 704; x_wconf 94' lang='lat'><em>.</em></span> 
     </span>
    </p>
   </div>
   <div class='ocr_carea' id='block_1_4' title="bbox 140 735 1129 2567">
    <p class='ocr_par' dir='ltr' id='par_1_4' title="bbox 140 735 1129 2567">
     <span class='ocr_line' id='line_1_5' title="bbox 142 735 1096 814; baseline 0.002 -24"><span class='ocrx_word' id='word_1_25' title='bbox 142 737 216 814; x_wconf 87' lang='lat' dir='ltr'><strong>quasi</strong></span> <span class='ocrx_word' id='word_1_26' title='bbox 231 751 263 790; x_wconf 81' lang='lat' dir='ltr'><strong>ex</strong></span> <span class='ocrx_word' id='word_1_27' title='bbox 279 743 418 800; x_wconf 83' lang='lat' dir='ltr'><strong>contractu</strong></span> <span class='ocrx_word' id='word_1_28' title='bbox 435 744 591 807; x_wconf 83' lang='lat' dir='ltr'><strong>nascuntur,</strong></span> <span class='ocrx_word' id='word_1_29' title='bbox 608 735 766 792; x_wconf 88' lang='lat' dir='ltr'><strong>admonendi</strong></span> <span class='ocrx_word' id='word_1_30' title='bbox 782 752 885 806; x_wconf 88' lang='lat' dir='ltr'><strong>sumus,</strong></span> <span class='ocrx_word' id='word_1_31' title='bbox 901 736 1005 809; x_wconf 91' lang='lat' dir='ltr'><strong>adquiri</strong></span> <span class='ocrx_word' id='word_1_32' title='bbox 1020 735 1096 792; x_wconf 90' lang='lat' dir='ltr'><strong>vobis</strong></span> 
     </span>
     <span class='ocr_line' id='line_1_6' title="bbox 140 817 1096 894; baseline 0 -20"><span class='ocrx_word' id='word_1_33' title='bbox 140 836 194 875; x_wconf 93' lang='lat' dir='ltr'><strong>non</strong></span> <span class='ocrx_word' id='word_1_34' title='bbox 214 817 302 874; x_wconf 91' lang='lat' dir='ltr'><strong>solnm</strong></span> <span class='ocrx_word' id='word_1_35' title='bbox 325 835 374 892; x_wconf 95' lang='lat' dir='ltr'><strong>per</strong></span> <span class='ocrx_word' id='word_1_36' title='bbox 391 828 494 875; x_wconf 88' lang='lat' dir='ltr'><strong>vosmet</strong></span> <span class='ocrx_word' id='word_1_37' title='bbox 509 821 597 892; x_wconf 86' lang='lat' dir='ltr'><strong>ipsos,</strong></span> <span class='ocrx_word' id='word_1_38' title='bbox 619 819 666 875; x_wconf 90' lang='lat' dir='ltr'><strong>sed</strong></span> <span class='ocrx_word' id='word_1_39' title='bbox 686 821 766 876; x_wconf 90' lang='lat' dir='ltr'><strong>etiam</strong></span> <span class='ocrx_word' id='word_1_40' title='bbox 787 836 835 893; x_wconf 93' lang='lat' dir='ltr'><strong>per</strong></span> <span class='ocrx_word' id='word_1_41' title='bbox 850 836 895 875; x_wconf 94' lang='lat' dir='ltr'><strong>eas</strong></span> <span class='ocrx_word' id='word_1_42' title='bbox 910 836 1018 893; x_wconf 91' lang='lat' dir='ltr'><strong>quoque</strong></span> <span class='ocrx_word' id='word_1_43' title='bbox 1033 836 1096 894; x_wconf 90' lang='lat' dir='ltr'><strong>per-</strong></span> 
     </span>
     <span class='ocr_line' id='line_1_7' title="bbox 142 903 1096 984; baseline 0.001 -26"><span class='ocrx_word' id='word_1_44' title='bbox 142 920 228 972; x_wconf 85' lang='lat' dir='ltr'>sonas,</span> <span class='ocrx_word' id='word_1_45' title='bbox 246 903 356 984; x_wconf 84' lang='lat' dir='ltr'><strong>quaein</strong></span> <span class='ocrx_word' id='word_1_46' title='bbox 371 911 460 958; x_wconf 89' lang='lat' dir='ltr'><strong>vestra</strong></span> <span class='ocrx_word' id='word_1_47' title='bbox 475 910 611 976; x_wconf 76' lang='lat' dir='ltr'><strong>potestate</strong></span> <span class='ocrx_word' id='word_1_48' title='bbox 626 910 707 976; x_wconf 87' lang='lat' dir='ltr'><strong>sunt,</strong></span> <span class='ocrx_word' id='word_1_49' title='bbox 722 903 804 958; x_wconf 91' lang='lat' dir='ltr'><strong>veluti</strong></span> <span class='ocrx_word' id='word_1_50' title='bbox 819 919 868 977; x_wconf 87' lang='lat' dir='ltr'><strong>per</strong></span> <span class='ocrx_word' id='word_1_51' title='bbox 882 920 975 959; x_wconf 89' lang='lat' dir='ltr'><strong>servos</strong></span> <span class='ocrx_word' id='word_1_52' title='bbox 990 912 1096 959; x_wconf 85' lang='lat' dir='ltr'><strong>vestros</strong></span> 
     </span>
     <span class='ocr_line' id='line_1_8' title="bbox 143 985 1094 1065; baseline -0.001 -23"><span class='ocrx_word' id='word_1_53' title='bbox 143 997 168 1042; x_wconf 91' lang='lat' dir='ltr'><strong>et</strong></span> <span class='ocrx_word' id='word_1_54' title='bbox 183 985 268 1042; x_wconf 88' lang='lat' dir='ltr'><strong>tilios:</strong></span> <span class='ocrx_word' id='word_1_55' title='bbox 289 995 320 1042; x_wconf 90' lang='lat' dir='ltr'><strong>ut</strong></span> <span class='ocrx_word' id='word_1_56' title='bbox 335 994 443 1060; x_wconf 89' lang='lat' dir='ltr'><strong>tamen,</strong></span> <span class='ocrx_word' id='word_1_57' title='bbox 461 987 533 1065; x_wconf 89' lang='lat' dir='ltr'><strong>quod</strong></span> <span class='ocrx_word' id='word_1_58' title='bbox 549 1005 597 1063; x_wconf 88' lang='lat' dir='ltr'><strong>per</strong></span> <span class='ocrx_word' id='word_1_59' title='bbox 611 1003 704 1043; x_wconf 84' lang='lat' dir='ltr'><strong>servos</strong></span> <span class='ocrx_word' id='word_1_60' title='bbox 721 987 827 1060; x_wconf 87' lang='lat' dir='ltr'><strong>quidem</strong></span> <span class='ocrx_word' id='word_1_61' title='bbox 842 987 917 1043; x_wconf 89' lang='lat' dir='ltr'><strong>vobis</strong></span> <span class='ocrx_word' id='word_1_62' title='bbox 933 987 1094 1060; x_wconf 77' lang='lat' dir='ltr'><strong>adquiritur,</strong></span> 
     </span>
     <span class='ocr_line' id='line_1_9' title="bbox 142 1068 1095 1145; baseline 0.001 -20"><span class='ocrx_word' id='word_1_63' title='bbox 142 1079 229 1128; x_wconf 89' lang='lat' dir='ltr'><strong>totum</strong></span> <span class='ocrx_word' id='word_1_64' title='bbox 242 1079 360 1125; x_wconf 88' lang='lat' dir='ltr'><strong>vestrum</strong></span> <span class='ocrx_word' id='word_1_65' title='bbox 375 1068 436 1145; x_wconf 70' lang='lat' dir='ltr'><strong>fiat„</strong></span> <span class='ocrx_word' id='word_1_66' title='bbox 449 1070 522 1144; x_wconf 93' lang='lat' dir='ltr'><strong>quod</strong></span> <span class='ocrx_word' id='word_1_67' title='bbox 537 1080 625 1126; x_wconf 91' lang='lat' dir='ltr'><strong>autem</strong></span> <span class='ocrx_word' id='word_1_68' title='bbox 640 1087 688 1143; x_wconf 90' lang='lat' dir='ltr'><strong>per</strong></span> <span class='ocrx_word' id='word_1_69' title='bbox 704 1070 818 1143; x_wconf 90' lang='lat' dir='ltr'><strong>liberos,</strong></span> <span class='ocrx_word' id='word_1_70' title='bbox 834 1088 903 1144; x_wconf 92' lang='lat' dir='ltr'><strong>quos</strong></span> <span class='ocrx_word' id='word_1_71' title='bbox 919 1072 945 1125; x_wconf 93' lang='lat' dir='ltr'><strong>in</strong></span> <span class='ocrx_word' id='word_1_72' title='bbox 961 1079 1095 1144; x_wconf 80' lang='lat' dir='ltr'><strong>potestate</strong></span> 
     </span>
     <span class='ocr_line' id='line_1_10' title="bbox 143 1152 1095 1228; baseline -0.005 -19"><span class='ocrx_word' id='word_1_73' title='bbox 143 1153 260 1224; x_wconf 90' lang='lat' dir='ltr'><strong>habetis,</strong></span> <span class='ocrx_word' id='word_1_74' title='bbox 276 1170 309 1211; x_wconf 77' lang='lat' dir='ltr'><strong>ex</strong></span> <span class='ocrx_word' id='word_1_75' title='bbox 324 1152 486 1228; x_wconf 82' lang='lat' dir='ltr'><strong>obligatione</strong></span> <span class='ocrx_word' id='word_1_76' title='bbox 502 1153 584 1210; x_wconf 87' lang='lat' dir='ltr'><strong>luerit</strong></span> <span class='ocrx_word' id='word_1_77' title='bbox 599 1156 771 1227; x_wconf 89' lang='lat' dir='ltr'><strong>adquisitum,</strong></span> <span class='ocrx_word' id='word_1_78' title='bbox 786 1155 839 1210; x_wconf 93' lang='lat' dir='ltr'><strong>hoc</strong></span> <span class='ocrx_word' id='word_1_79' title='bbox 853 1154 986 1211; x_wconf 85' lang='lat' dir='ltr'><strong>dividatur</strong></span> <span class='ocrx_word' id='word_1_80' title='bbox 1000 1170 1095 1210; x_wconf 62' lang='lat' dir='ltr'><strong>secun,</strong></span> 
     </span>
     <span class='ocr_line' id='line_1_11' title="bbox 143 1237 1098 1312; baseline 0.005 -20"><span class='ocrx_word' id='word_1_81' title='bbox 143 1237 203 1292; x_wconf 91' lang='lat' dir='ltr'><strong>dnm</strong></span> <span class='ocrx_word' id='word_1_82' title='bbox 219 1239 363 1310; x_wconf 74' lang='lat' dir='ltr'><strong>imaginem</strong></span> <span class='ocrx_word' id='word_1_83' title='bbox 378 1255 467 1293; x_wconf 89' lang='lat' dir='ltr'><strong>rernm</strong></span> <span class='ocrx_word' id='word_1_84' title='bbox 483 1241 656 1311; x_wconf 87' lang='lat' dir='ltr'><strong>proprietatis</strong></span> <span class='ocrx_word' id='word_1_85' title='bbox 668 1247 695 1294; x_wconf 88' lang='lat' dir='ltr'><strong>et</strong></span> <span class='ocrx_word' id='word_1_86' title='bbox 706 1238 894 1308; x_wconf 78' lang='lat' dir='ltr'><strong>ususfructus,</strong></span> <span class='ocrx_word' id='word_1_87' title='bbox 909 1255 987 1312; x_wconf 92' lang='lat' dir='ltr'><strong>quam</strong></span> <span class='ocrx_word' id='word_1_88' title='bbox 1002 1245 1098 1297; x_wconf 85' lang='lat' dir='ltr'><strong>nostra</strong></span> 
     </span>
     <span class='ocr_line' id='line_1_12' title="bbox 143 1315 1096 1397; baseline 0 -20"><span class='ocrx_word' id='word_1_89' title='bbox 143 1320 267 1377; x_wconf 86' lang='lat' dir='ltr'><strong>discrerit</strong></span> <span class='ocrx_word' id='word_1_90' title='bbox 278 1315 464 1384; x_wconf 82' lang='lat' dir='ltr'><strong>constitutio:²</strong></span> <span class='ocrx_word' id='word_1_91' title='bbox 473 1330 514 1397; x_wconf 85' lang='lat' dir='ltr'><strong>ut,</strong></span> <span class='ocrx_word' id='word_1_92' title='bbox 527 1321 598 1395; x_wconf 92' lang='lat' dir='ltr'><strong>qnod</strong></span> <span class='ocrx_word' id='word_1_93' title='bbox 610 1322 641 1377; x_wconf 83' lang='lat' dir='ltr'><strong>ab</strong></span> <span class='ocrx_word' id='word_1_94' title='bbox 653 1323 757 1377; x_wconf 88' lang='lat' dir='ltr'><strong>actione</strong></span> <span class='ocrx_word' id='word_1_95' title='bbox 768 1321 938 1378; x_wconf 88' lang='lat' dir='ltr'><strong>commodum</strong></span> <span class='ocrx_word' id='word_1_96' title='bbox 947 1325 1096 1394; x_wconf 86' lang='lat' dir='ltr'><strong>perveniat,</strong></span> 
     </span>
     <span class='ocr_line' id='line_1_13' title="bbox 143 1404 1095 1480; baseline 0.001 -20"><span class='ocrx_word' id='word_1_97' title='bbox 143 1406 220 1460; x_wconf 90' lang='lat' dir='ltr'><strong>huius</strong></span> <span class='ocrx_word' id='word_1_98' title='bbox 234 1404 431 1462; x_wconf 81' lang='lat' dir='ltr'><strong>usumfructum</strong></span> <span class='ocrx_word' id='word_1_99' title='bbox 444 1404 549 1478; x_wconf 91' lang='lat' dir='ltr'><strong>quidem</strong></span> <span class='ocrx_word' id='word_1_100' title='bbox 561 1405 656 1461; x_wconf 92' lang='lat' dir='ltr'><strong>habeat</strong></span> <span class='ocrx_word' id='word_1_101' title='bbox 668 1413 756 1478; x_wconf 88' lang='lat' dir='ltr'><strong>pater,</strong></span> <span class='ocrx_word' id='word_1_102' title='bbox 770 1407 921 1480; x_wconf 87' lang='lat' dir='ltr'><strong>proprietas</strong></span> <span class='ocrx_word' id='word_1_103' title='bbox 936 1415 1025 1460; x_wconf 92' lang='lat' dir='ltr'><strong>autem</strong></span> <span class='ocrx_word' id='word_1_104' title='bbox 1040 1405 1095 1461; x_wconf 87' lang='lat' dir='ltr'><strong>filio</strong></span> 
     </span>
     <span class='ocr_line' id='line_1_14' title="bbox 142 1488 1095 1562; baseline 0.001 -19"><span class='ocrx_word' id='word_1_105' title='bbox 142 1496 280 1558; x_wconf 90' lang='lat' dir='ltr'><strong>servetur,</strong></span> <span class='ocrx_word' id='word_1_106' title='bbox 302 1488 404 1544; x_wconf 90' lang='lat' dir='ltr'><strong>seilicet</strong></span> <span class='ocrx_word' id='word_1_107' title='bbox 424 1499 500 1562; x_wconf 90' lang='lat' dir='ltr'><strong>patre</strong></span> <span class='ocrx_word' id='word_1_108' title='bbox 520 1490 652 1546; x_wconf 92' lang='lat' dir='ltr'><strong>actionem</strong></span> <span class='ocrx_word' id='word_1_109' title='bbox 674 1497 799 1543; x_wconf 89' lang='lat' dir='ltr'><strong>movente</strong></span> <span class='ocrx_word' id='word_1_110' title='bbox 813 1488 960 1545; x_wconf 89' lang='lat' dir='ltr'><strong>secundum</strong></span> <span class='ocrx_word' id='word_1_111' title='bbox 975 1488 1095 1544; x_wconf 90' lang='lat' dir='ltr'><strong>novellae</strong></span> 
     </span>
     <span class='ocr_line' id='line_1_15' title="bbox 143 1566 1127 1647; baseline -0.005 -19"><span class='ocrx_word' id='word_1_112' title='bbox 143 1583 252 1628; x_wconf 87' lang='lat' dir='ltr'><strong>nostrae</strong></span> <span class='ocrx_word' id='word_1_113' title='bbox 268 1573 471 1628; x_wconf 86' lang='lat' dir='ltr'><strong>constitutionis</strong></span> <span class='ocrx_word' id='word_1_114' title='bbox 487 1571 653 1630; x_wconf 88' lang='lat' dir='ltr'><strong>divisionem.</strong></span> <span class='ocrx_word' id='word_1_115' title='bbox 698 1566 780 1628; x_wconf 84' lang='lat' dir='ltr'><strong>³ltem</strong></span> <span class='ocrx_word' id='word_1_116' title='bbox 796 1589 845 1647; x_wconf 92' lang='lat' dir='ltr'><strong>per</strong></span> <span class='ocrx_word' id='word_1_117' title='bbox 860 1572 957 1627; x_wconf 89' lang='lat' dir='ltr'><strong>liberos</strong></span> <span class='ocrx_word' id='word_1_118' title='bbox 973 1572 1095 1627; x_wconf 87' lang='lat' dir='ltr'><strong>immines</strong></span> <span class='ocrx_word' id='word_1_119' title='bbox 1115 1575 1127 1623; x_wconf 88' lang='lat'>1</span> 
     </span>
     <span class='ocr_line' id='line_1_16' title="bbox 143 1654 1094 1730; baseline -0.001 -19"><span class='ocrx_word' id='word_1_120' title='bbox 143 1665 166 1712; x_wconf 91' lang='lat' dir='ltr'><strong>et</strong></span> <span class='ocrx_word' id='word_1_121' title='bbox 182 1657 285 1712; x_wconf 90' lang='lat' dir='ltr'><strong>alienos</strong></span> <span class='ocrx_word' id='word_1_122' title='bbox 300 1673 411 1725; x_wconf 85' lang='lat' dir='ltr'><strong>servos,</strong></span> <span class='ocrx_word' id='word_1_123' title='bbox 432 1673 500 1730; x_wconf 89' lang='lat' dir='ltr'><strong>qnos</strong></span> <span class='ocrx_word' id='word_1_124' title='bbox 516 1656 588 1715; x_wconf 88' lang='lat' dir='ltr'><strong>bona</strong></span> <span class='ocrx_word' id='word_1_125' title='bbox 600 1656 652 1712; x_wconf 90' lang='lat' dir='ltr'><strong>fide</strong></span> <span class='ocrx_word' id='word_1_126' title='bbox 667 1655 827 1729; x_wconf 87' lang='lat' dir='ltr'><strong>possidetis,</strong></span> <span class='ocrx_word' id='word_1_127' title='bbox 845 1655 995 1730; x_wconf 90' lang='lat' dir='ltr'><strong>adquiritur</strong></span> <span class='ocrx_word' id='word_1_128' title='bbox 1008 1654 1094 1720; x_wconf 85' lang='lat' dir='ltr'><strong>vobis,</strong></span> 
     </span>
     <span class='ocr_line' id='line_1_17' title="bbox 143 1739 1097 1815; baseline 0.001 -20"><span class='ocrx_word' id='word_1_129' title='bbox 143 1741 187 1795; x_wconf 91' lang='lat' dir='ltr'><strong>sed</strong></span> <span class='ocrx_word' id='word_1_130' title='bbox 205 1748 307 1795; x_wconf 88' lang='lat' dir='ltr'><strong>tantum</strong></span> <span class='ocrx_word' id='word_1_131' title='bbox 324 1757 356 1796; x_wconf 77' lang='lat' dir='ltr'><strong>ex</strong></span> <span class='ocrx_word' id='word_1_132' title='bbox 370 1740 474 1801; x_wconf 86' lang='lat' dir='ltr'><strong>duabus</strong></span> <span class='ocrx_word' id='word_1_133' title='bbox 490 1741 592 1812; x_wconf 90' lang='lat' dir='ltr'><strong>causis,</strong></span> <span class='ocrx_word' id='word_1_134' title='bbox 614 1740 640 1796; x_wconf 91' lang='lat' dir='ltr'><strong>id</strong></span> <span class='ocrx_word' id='word_1_135' title='bbox 656 1749 698 1795; x_wconf 89' lang='lat' dir='ltr'><strong>est</strong></span> <span class='ocrx_word' id='word_1_136' title='bbox 713 1741 735 1795; x_wconf 92' lang='lat' dir='ltr'><strong>si</strong></span> <span class='ocrx_word' id='word_1_137' title='bbox 751 1740 814 1815; x_wconf 92' lang='lat' dir='ltr'><strong>quid</strong></span> <span class='ocrx_word' id='word_1_138' title='bbox 830 1757 862 1796; x_wconf 81' lang='lat' dir='ltr'><strong>en</strong></span> <span class='ocrx_word' id='word_1_139' title='bbox 877 1740 967 1812; x_wconf 91' lang='lat' dir='ltr'><strong>operis</strong></span> <span class='ocrx_word' id='word_1_140' title='bbox 982 1741 1038 1794; x_wconf 89' lang='lat' dir='ltr'><strong>snis</strong></span> <span class='ocrx_word' id='word_1_141' title='bbox 1053 1739 1097 1798; x_wconf 89' lang='lat' dir='ltr'><strong>vel</strong></span> 
     </span>
     <span class='ocr_line' id='line_1_18' title="bbox 142 1824 1129 1900; baseline -0.003 -20"><span class='ocrx_word' id='word_1_142' title='bbox 142 1840 173 1880; x_wconf 83' lang='lat' dir='ltr'><strong>ex</strong></span> <span class='ocrx_word' id='word_1_143' title='bbox 187 1840 217 1880; x_wconf 88' lang='lat' dir='ltr'><strong>re</strong></span> <span class='ocrx_word' id='word_1_144' title='bbox 231 1831 319 1878; x_wconf 89' lang='lat' dir='ltr'><strong>vestra</strong></span> <span class='ocrx_word' id='word_1_145' title='bbox 335 1824 484 1900; x_wconf 83' lang='lat' dir='ltr'><strong>adquirant.</strong></span> <span class='ocrx_word' id='word_1_146' title='bbox 513 1824 564 1879; x_wconf 89' lang='lat' dir='ltr'><strong>Per</strong></span> <span class='ocrx_word' id='word_1_147' title='bbox 579 1841 638 1879; x_wconf 87' lang='lat' dir='ltr'><strong>eum</strong></span> <span class='ocrx_word' id='word_1_148' title='bbox 650 1841 758 1898; x_wconf 90' lang='lat' dir='ltr'><strong>quoque</strong></span> <span class='ocrx_word' id='word_1_149' title='bbox 772 1841 878 1880; x_wconf 88' lang='lat' dir='ltr'><strong>servum</strong></span> <span class='ocrx_word' id='word_1_150' title='bbox 893 1826 920 1879; x_wconf 94' lang='lat' dir='ltr'><strong>in</strong></span> <span class='ocrx_word' id='word_1_151' title='bbox 936 1840 990 1897; x_wconf 95' lang='lat' dir='ltr'><strong>quo</strong></span> <span class='ocrx_word' id='word_1_152' title='bbox 1005 1839 1095 1880; x_wconf 90' lang='lat' dir='ltr'><strong>nsum·</strong></span> <span class='ocrx_word' id='word_1_153' title='bbox 1114 1830 1129 1877; x_wconf 79' lang='lat'><strong>2</strong></span> 
     </span>
     <span class='ocr_line' id='line_1_19' title="bbox 142 1907 1095 1977; baseline 0 -15"><span class='ocrx_word' id='word_1_154' title='bbox 142 1908 259 1964; x_wconf 82' lang='lat' dir='ltr'><strong>fructum</strong></span> <span class='ocrx_word' id='word_1_155' title='bbox 271 1907 312 1962; x_wconf 86' lang='lat' dir='ltr'><strong>vel</strong></span> <span class='ocrx_word' id='word_1_156' title='bbox 325 1924 402 1962; x_wconf 87' lang='lat' dir='ltr'><strong>usum</strong></span> <span class='ocrx_word' id='word_1_157' title='bbox 414 1907 527 1977; x_wconf 86' lang='lat' dir='ltr'><strong>habetis,</strong></span> <span class='ocrx_word' id='word_1_158' title='bbox 543 1908 665 1966; x_wconf 86' lang='lat' dir='ltr'><strong>similiter</strong></span> <span class='ocrx_word' id='word_1_159' title='bbox 677 1925 709 1963; x_wconf 82' lang='lat' dir='ltr'><strong>ex</strong></span> <span class='ocrx_word' id='word_1_160' title='bbox 725 1907 829 1964; x_wconf 88' lang='lat' dir='ltr'><strong>duabus</strong></span> <span class='ocrx_word' id='word_1_161' title='bbox 844 1909 902 1963; x_wconf 88' lang='lat' dir='ltr'><strong>istis</strong></span> <span class='ocrx_word' id='word_1_162' title='bbox 917 1908 1006 1964; x_wconf 89' lang='lat' dir='ltr'><strong>causis</strong></span> <span class='ocrx_word' id='word_1_163' title='bbox 1021 1907 1095 1964; x_wconf 89' lang='lat' dir='ltr'><strong>vobis</strong></span> 
     </span>
     <span class='ocr_line' id='line_1_20' title="bbox 143 1991 1129 2065; baseline -0.001 -19"><span class='ocrx_word' id='word_1_164' title='bbox 143 1992 301 2065; x_wconf 90' lang='lat' dir='ltr'><strong>adquiritur.</strong></span> <span class='ocrx_word' id='word_1_165' title='bbox 338 1991 510 2048; x_wconf 84' lang='lat' dir='ltr'><strong>Communem</strong></span> <span class='ocrx_word' id='word_1_166' title='bbox 534 2007 640 2047; x_wconf 88' lang='lat' dir='ltr'><strong>servum</strong></span> <span class='ocrx_word' id='word_1_167' title='bbox 656 2008 706 2065; x_wconf 89' lang='lat' dir='ltr'><strong>pro</strong></span> <span class='ocrx_word' id='word_1_168' title='bbox 730 1991 861 2048; x_wconf 90' lang='lat' dir='ltr'><strong>dominica</strong></span> <span class='ocrx_word' id='word_1_169' title='bbox 883 2000 959 2064; x_wconf 93' lang='lat' dir='ltr'><strong>parte</strong></span> <span class='ocrx_word' id='word_1_170' title='bbox 981 1991 1095 2046; x_wconf 87' lang='lat' dir='ltr'><strong>dominis</strong></span> <span class='ocrx_word' id='word_1_171' title='bbox 1114 1997 1129 2045; x_wconf 84' lang='lat'><strong>3</strong></span> 
     </span>
     <span class='ocr_line' id='line_1_21' title="bbox 142 2075 1095 2150; baseline -0.001 -20"><span class='ocrx_word' id='word_1_172' title='bbox 142 2076 283 2150; x_wconf 89' lang='lat' dir='ltr'><strong>adquirere</strong></span> <span class='ocrx_word' id='word_1_173' title='bbox 298 2083 401 2130; x_wconf 88' lang='lat' dir='ltr'><strong>certum</strong></span> <span class='ocrx_word' id='word_1_174' title='bbox 417 2084 475 2146; x_wconf 86' lang='lat' dir='ltr'><strong>est,</strong></span> <span class='ocrx_word' id='word_1_175' title='bbox 491 2085 604 2148; x_wconf 83' lang='lat' dir='ltr'><strong>excepto</strong></span> <span class='ocrx_word' id='word_1_176' title='bbox 620 2092 665 2145; x_wconf 92' lang='lat' dir='ltr'><strong>eo,</strong></span> <span class='ocrx_word' id='word_1_177' title='bbox 688 2075 762 2147; x_wconf 93' lang='lat' dir='ltr'><strong>quod</strong></span> <span class='ocrx_word' id='word_1_178' title='bbox 778 2076 823 2129; x_wconf 89' lang='lat' dir='ltr'><strong>uni</strong></span> <span class='ocrx_word' id='word_1_179' title='bbox 838 2076 993 2130; x_wconf 89' lang='lat' dir='ltr'><strong>nominatim</strong></span> <span class='ocrx_word' id='word_1_180' title='bbox 1008 2075 1095 2147; x_wconf 87' lang='lat' dir='ltr'><strong>stipu-</strong></span> 
     </span>
     <span class='ocr_line' id='line_1_22' title="bbox 142 2157 1096 2232; baseline -0.002 -18"><span class='ocrx_word' id='word_1_181' title='bbox 142 2159 220 2214; x_wconf 92' lang='lat' dir='ltr'><strong>lando</strong></span> <span class='ocrx_word' id='word_1_182' title='bbox 243 2167 288 2214; x_wconf 89' lang='lat' dir='ltr'><strong>aut</strong></span> <span class='ocrx_word' id='word_1_183' title='bbox 307 2175 356 2231; x_wconf 90' lang='lat' dir='ltr'><strong>per</strong></span> <span class='ocrx_word' id='word_1_184' title='bbox 376 2157 544 2213; x_wconf 89' lang='lat' dir='ltr'><strong>traditionem</strong></span> <span class='ocrx_word' id='word_1_185' title='bbox 564 2158 716 2232; x_wconf 84' lang='lat' dir='ltr'><strong>accipiendo</strong></span> <span class='ocrx_word' id='word_1_186' title='bbox 737 2158 775 2212; x_wconf 90' lang='lat' dir='ltr'><strong>illi</strong></span> <span class='ocrx_word' id='word_1_187' title='bbox 796 2157 847 2213; x_wconf 92' lang='lat' dir='ltr'><strong>suli</strong></span> <span class='ocrx_word' id='word_1_188' title='bbox 862 2157 992 2230; x_wconf 90' lang='lat' dir='ltr'><strong>adquirit,</strong></span> <span class='ocrx_word' id='word_1_189' title='bbox 1013 2157 1096 2213; x_wconf 87' lang='lat' dir='ltr'><strong>veluti</strong></span> 
     </span>
     <span class='ocr_line' id='line_1_23' title="bbox 143 2241 1096 2315; baseline -0.002 -17"><span class='ocrx_word' id='word_1_190' title='bbox 143 2259 201 2298; x_wconf 87' lang='lat' dir='ltr'><strong>cnm</strong></span> <span class='ocrx_word' id='word_1_191' title='bbox 217 2244 255 2298; x_wconf 90' lang='lat' dir='ltr'><strong>ita</strong></span> <span class='ocrx_word' id='word_1_192' title='bbox 270 2242 428 2315; x_wconf 89' lang='lat' dir='ltr'><strong>stipuletur:</strong></span> <span class='ocrx_word' id='word_1_193' title='bbox 451 2258 540 2299; x_wconf 79' lang='lat' dir='ltr'><strong>maro</strong></span> <span class='ocrx_word' id='word_1_194' title='bbox 560 2257 680 2298; x_wconf 81' lang='lat' dir='ltr'><strong>monimo</strong></span> <span class='ocrx_word' id='word_1_195' title='bbox 695 2257 759 2298; x_wconf 80' lang='lat' dir='ltr'><strong>nno</strong></span> <span class='ocrx_word' id='word_1_196' title='bbox 773 2256 856 2298; x_wconf 71' lang='lat' dir='ltr'><strong>nnnc</strong></span> <span class='ocrx_word' id='word_1_197' title='bbox 872 2242 1026 2298; x_wconf 70' lang='lat' dir='ltr'><strong>secunus?</strong></span> <span class='ocrx_word' id='word_1_198' title='bbox 1048 2241 1096 2298; x_wconf 91' lang='lat' dir='ltr'><strong>sed</strong></span> 
     </span>
     <span class='ocr_line' id='line_1_24' title="bbox 143 2324 1096 2400; baseline -0.001 -19"><span class='ocrx_word' id='word_1_199' title='bbox 143 2330 165 2382; x_wconf 88' lang='lat' dir='ltr'><strong>si</strong></span> <span class='ocrx_word' id='word_1_200' title='bbox 178 2327 257 2382; x_wconf 89' lang='lat' dir='ltr'><strong>unius</strong></span> <span class='ocrx_word' id='word_1_201' title='bbox 274 2326 374 2381; x_wconf 91' lang='lat' dir='ltr'><strong>domini</strong></span> <span class='ocrx_word' id='word_1_202' title='bbox 389 2327 464 2381; x_wconf 91' lang='lat' dir='ltr'><strong>iussu</strong></span> <span class='ocrx_word' id='word_1_203' title='bbox 480 2342 573 2381; x_wconf 90' lang='lat' dir='ltr'><strong>servus</strong></span> <span class='ocrx_word' id='word_1_204' title='bbox 589 2327 672 2381; x_wconf 91' lang='lat' dir='ltr'><strong>luerit</strong></span> <span class='ocrx_word' id='word_1_205' title='bbox 685 2324 839 2400; x_wconf 88' lang='lat' dir='ltr'><strong>stipulatus,</strong></span> <span class='ocrx_word' id='word_1_206' title='bbox 854 2325 917 2381; x_wconf 89' lang='lat' dir='ltr'><strong>lieet</strong></span> <span class='ocrx_word' id='word_1_207' title='bbox 928 2333 1005 2380; x_wconf 90' lang='lat' dir='ltr'><strong>antea</strong></span> <span class='ocrx_word' id='word_1_208' title='bbox 1019 2324 1096 2381; x_wconf 74' lang='lat' dir='ltr'><strong>dulii-</strong></span> 
     </span>
     <span class='ocr_line' id='line_1_25' title="bbox 144 2402 1096 2482; baseline -0.002 -16"><span class='ocrx_word' id='word_1_209' title='bbox 144 2409 262 2480; x_wconf 90' lang='lat' dir='ltr'><strong>tabatur,</strong></span> <span class='ocrx_word' id='word_1_210' title='bbox 282 2417 371 2466; x_wconf 87' lang='lat' dir='ltr'><strong>tamen</strong></span> <span class='ocrx_word' id='word_1_211' title='bbox 386 2417 449 2482; x_wconf 90' lang='lat' dir='ltr'><strong>post</strong></span> <span class='ocrx_word' id='word_1_212' title='bbox 463 2419 582 2464; x_wconf 92' lang='lat' dir='ltr'><strong>nostram</strong></span> <span class='ocrx_word' id='word_1_213' title='bbox 598 2402 780 2466; x_wconf 74' lang='lat' dir='ltr'><strong>decisionem4</strong></span> <span class='ocrx_word' id='word_1_214' title='bbox 794 2425 838 2464; x_wconf 90' lang='lat' dir='ltr'><strong>res</strong></span> <span class='ocrx_word' id='word_1_215' title='bbox 854 2408 975 2482; x_wconf 87' lang='lat' dir='ltr'><strong>expedita</strong></span> <span class='ocrx_word' id='word_1_216' title='bbox 992 2417 1049 2482; x_wconf 90' lang='lat' dir='ltr'><strong>est,</strong></span> <span class='ocrx_word' id='word_1_217' title='bbox 1064 2419 1096 2465; x_wconf 90' lang='lat' dir='ltr'><strong>ut</strong></span> 
     </span>
     <span class='ocr_line' id='line_1_26' title="bbox 143 2492 1093 2567; baseline -0.003 -16"><span class='ocrx_word' id='word_1_218' title='bbox 143 2494 179 2551; x_wconf 89' lang='lat' dir='ltr'><strong>illi</strong></span> <span class='ocrx_word' id='word_1_219' title='bbox 190 2502 295 2551; x_wconf 91' lang='lat' dir='ltr'><strong>tantum</strong></span> <span class='ocrx_word' id='word_1_220' title='bbox 306 2492 491 2567; x_wconf 91' lang='lat' dir='ltr'><strong>adquirat,qui</strong></span> <span class='ocrx_word' id='word_1_221' title='bbox 503 2494 556 2548; x_wconf 90' lang='lat' dir='ltr'><strong>hoc</strong></span> <span class='ocrx_word' id='word_1_222' title='bbox 566 2494 591 2548; x_wconf 88' lang='lat' dir='ltr'><strong>ei</strong></span> <span class='ocrx_word' id='word_1_223' title='bbox 604 2493 692 2549; x_wconf 87' lang='lat' dir='ltr'><strong>lacere</strong></span> <span class='ocrx_word' id='word_1_224' title='bbox 702 2494 791 2562; x_wconf 89' lang='lat' dir='ltr'><strong>iussit,</strong></span> <span class='ocrx_word' id='word_1_225' title='bbox 799 2501 829 2548; x_wconf 92' lang='lat' dir='ltr'><strong>ut</strong></span> <span class='ocrx_word' id='word_1_226' title='bbox 840 2511 919 2567; x_wconf 90' lang='lat' dir='ltr'><strong>supra</strong></span> <span class='ocrx_word' id='word_1_227' title='bbox 931 2492 1030 2549; x_wconf 90' lang='lat' dir='ltr'><strong>dictum</strong></span> <span class='ocrx_word' id='word_1_228' title='bbox 1043 2501 1093 2550; x_wconf 90' lang='lat' dir='ltr'><strong>est.</strong></span> 
     </span>
    </p>
   </div>
   <div class='ocr_carea' id='block_1_5' title="bbox 266 2721 963 2886">
    <p class='ocr_par' dir='ltr' id='par_1_5' title="bbox 266 2721 963 2886">
     <span class='ocr_line' id='line_1_27' title="bbox 492 2721 745 2771; baseline 0.012 -11"><span class='ocrx_word' id='word_1_229' title='bbox 492 2721 550 2763; x_wconf 78' lang='lat' dir='ltr'><strong>mr.</strong></span> <span class='ocrx_word' id='word_1_230' title='bbox 565 2721 643 2761; x_wconf 83' lang='lat' dir='ltr'><strong>xxix</strong></span> <span class='ocrx_word' id='word_1_231' title='bbox 653 2722 745 2771; x_wconf 78' lang='lat' dir='ltr'><strong>(m).</strong></span> 
     </span>
     <span class='ocr_line' id='line_1_28' title="bbox 266 2821 963 2886; baseline -0.003 -12"><span class='ocrx_word' id='word_1_232' title='bbox 266 2823 399 2886; x_wconf 81' lang='lat' dir='ltr'><strong>QUIBUS</strong></span> <span class='ocrx_word' id='word_1_233' title='bbox 417 2822 530 2873; x_wconf 84' lang='lat' dir='ltr'>MODIS</span> <span class='ocrx_word' id='word_1_234' title='bbox 549 2822 748 2874; x_wconf 81' lang='lat' dir='ltr'><strong>OBLIGATIO</strong></span> <span class='ocrx_word' id='word_1_235' title='bbox 766 2821 963 2874; x_wconf 85' lang='lat' dir='ltr'><strong>TOLLITUR.</strong></span> 
     </span>
    </p>
   </div>
   <div class='ocr_carea' id='block_1_6' title="bbox 142 2959 1141 3120">
    <p class='ocr_par' dir='ltr' id='par_1_6' title="bbox 142 2959 1141 3120">
     <span class='ocr_line' id='line_1_29' title="bbox 203 2959 1141 3036; baseline 0.001 -18"><span class='ocrx_word' id='word_1_236' title='bbox 203 2963 319 3020; x_wconf 82' lang='lat' dir='ltr'><strong>Tollitur</strong></span> <span class='ocrx_word' id='word_1_237' title='bbox 334 2969 422 3017; x_wconf 91' lang='lat' dir='ltr'><strong>autem</strong></span> <span class='ocrx_word' id='word_1_238' title='bbox 438 2963 524 3016; x_wconf 92' lang='lat' dir='ltr'><strong>omnis</strong></span> <span class='ocrx_word' id='word_1_239' title='bbox 541 2961 669 3036; x_wconf 80' lang='lat' dir='ltr'><strong>obligatio</strong></span> <span class='ocrx_word' id='word_1_240' title='bbox 686 2960 821 3017; x_wconf 90' lang='lat' dir='ltr'><strong>solutione</strong></span> <span class='ocrx_word' id='word_1_241' title='bbox 837 2961 909 3033; x_wconf 91' lang='lat' dir='ltr'><strong>eius,</strong></span> <span class='ocrx_word' id='word_1_242' title='bbox 926 2961 997 3033; x_wconf 91' lang='lat' dir='ltr'><strong>qnod</strong></span> <span class='ocrx_word' id='word_1_243' title='bbox 1013 2959 1093 3018; x_wconf 91' lang='lat' dir='ltr'><strong>debe·</strong></span> <span class='ocrx_word' id='word_1_244' title='bbox 1107 2965 1141 3006; x_wconf 71' lang='lat' dir='ltr'><strong>Pr·</strong></span> 
     </span>
     <span class='ocr_line' id='line_1_30' title="bbox 142 3043 1093 3120; baseline 0 -18"><span class='ocrx_word' id='word_1_245' title='bbox 142 3055 195 3118; x_wconf 83' lang='lat' dir='ltr'><strong>tur,</strong></span> <span class='ocrx_word' id='word_1_246' title='bbox 210 3047 253 3102; x_wconf 93' lang='lat' dir='ltr'><strong>vel</strong></span> <span class='ocrx_word' id='word_1_247' title='bbox 268 3048 291 3102; x_wconf 91' lang='lat' dir='ltr'><strong>si</strong></span> <span class='ocrx_word' id='word_1_248' title='bbox 305 3047 377 3120; x_wconf 89' lang='lat' dir='ltr'><strong>quis,</strong></span> <span class='ocrx_word' id='word_1_249' title='bbox 391 3046 577 3103; x_wconf 85' lang='lat' dir='ltr'><strong>consentiente</strong></span> <span class='ocrx_word' id='word_1_250' title='bbox 593 3046 736 3117; x_wconf 87' lang='lat' dir='ltr'><strong>creditore,</strong></span> <span class='ocrx_word' id='word_1_251' title='bbox 752 3043 824 3099; x_wconf 88' lang='lat' dir='ltr'><strong>aliud</strong></span> <span class='ocrx_word' id='word_1_252' title='bbox 839 3061 889 3116; x_wconf 93' lang='lat' dir='ltr'><strong>pro</strong></span> <span class='ocrx_word' id='word_1_253' title='bbox 905 3044 958 3101; x_wconf 93' lang='lat' dir='ltr'><strong>alio</strong></span> <span class='ocrx_word' id='word_1_254' title='bbox 973 3045 1093 3102; x_wconf 88' lang='lat' dir='ltr'><strong>solverit.</strong></span> 
     </span>
    </p>
   </div>
   <div class='ocr_carea' id='block_1_7' title="bbox 140 3213 340 3222">
    <p class='ocr_par' dir='ltr' id='par_1_7' title="bbox 140 3213 340 3222">
     <span class='ocr_line' id='line_1_31' title="bbox 140 3213 340 3222; baseline 0 -2"><span class='ocrx_word' id='word_1_255' title='bbox 140 3213 340 3222; x_wconf 79' lang='lat'>-.-.-.-.-———-</span> 
     </span>
    </p>
   </div>
   <div class='ocr_carea' id='block_1_8' title="bbox 140 3323 1094 3526">
    <p class='ocr_par' dir='ltr' id='par_1_8' title="bbox 140 3323 1094 3526">
     <span class='ocr_line' id='line_1_32' title="bbox 207 3323 1094 3394; baseline 0.002 -18"><span class='ocrx_word' id='word_1_256' title='bbox 207 3326 518 3391; x_wconf 70' lang='lat' dir='ltr'><strong>1t=uai.3‚1oanuu.</strong></span> <span class='ocrx_word' id='word_1_257' title='bbox 587 3323 610 3386; x_wconf 79' lang='lat'><strong>²)</strong></span> <span class='ocrx_word' id='word_1_258' title='bbox 624 3327 656 3378; x_wconf 85' lang='lat' dir='ltr'><strong>L.</strong></span> <span class='ocrx_word' id='word_1_259' title='bbox 669 3327 693 3375; x_wconf 85' lang='lat'><strong>6.</strong></span> <span class='ocrx_word' id='word_1_260' title='bbox 706 3325 733 3374; x_wconf 85' lang='lat'><strong>0.</strong></span> <span class='ocrx_word' id='word_1_261' title='bbox 746 3325 847 3376; x_wconf 83' lang='lat' dir='ltr'><strong>debon.</strong></span> <span class='ocrx_word' id='word_1_262' title='bbox 862 3325 1027 3394; x_wconf 48' lang='lat' dir='ltr'><strong>quaedam,</strong></span> <span class='ocrx_word' id='word_1_263' title='bbox 1040 3326 1094 3390; x_wconf 84' lang='grc'>61).</span> 
     </span>
     <span class='ocr_line' id='line_1_33' title="bbox 140 3392 1094 3460; baseline 0.01 -25"><span class='ocrx_word' id='word_1_264' title='bbox 140 3392 161 3459; x_wconf 73' lang='lat' dir='ltr'><strong>a)</strong></span> <span class='ocrx_word' id='word_1_265' title='bbox 194 3393 986 3456; x_wconf 68' lang='lat' dir='ltr'><strong>p‚1‚„afere=oar.a,1or.tos.1or.anfinemut.</strong></span> <span class='ocrx_word' id='word_1_266' title='bbox 1072 3393 1094 3460; x_wconf 80' lang='grc'><strong>4)</strong></span> 
     </span>
     <span class='ocr_line' id='line_1_34' title="bbox 140 3458 616 3526; baseline 0.002 -14"><span class='ocrx_word' id='word_1_267' title='bbox 140 3463 171 3517; x_wconf 85' lang='lat' dir='ltr'><strong>L.</strong></span> <span class='ocrx_word' id='word_1_268' title='bbox 189 3465 213 3512; x_wconf 82' lang='lat'><strong>3.</strong></span> <span class='ocrx_word' id='word_1_269' title='bbox 233 3462 258 3516; x_wconf 84' lang='lat'><strong>0.</strong></span> <span class='ocrx_word' id='word_1_270' title='bbox 273 3477 324 3526; x_wconf 82' lang='lat' dir='ltr'><strong>per</strong></span> <span class='ocrx_word' id='word_1_271' title='bbox 342 3477 406 3526; x_wconf 86' lang='lat' dir='ltr'><strong>quus</strong></span> <span class='ocrx_word' id='word_1_272' title='bbox 422 3477 491 3524; x_wconf 81' lang='lat' dir='ltr'><strong>pers.</strong></span> <span class='ocrx_word' id='word_1_273' title='bbox 511 3459 547 3523; x_wconf 81' lang='grc'><strong>(4,</strong></span> <span class='ocrx_word' id='word_1_274' title='bbox 564 3458 616 3522; x_wconf 78' lang='grc'>27).</span> 
     </span>
    </p>
   </div>
   <div class='ocr_carea' id='block_1_9' title="bbox 0 0 1255 3890">
    <p class='ocr_par' dir='ltr' id='par_1_9' title="bbox 0 0 1255 3890">
     <span class='ocr_line' id='line_1_35' title="bbox 0 0 1255 3890; baseline 0 0"><span class='ocrx_word' id='word_1_275' title='bbox 0 0 1255 3890; x_wconf 95' lang='lat' dir='ltr'><strong> </strong></span> 
     </span>
    </p>
   </div>
  </div>
 </body>
</html>
