2500 3890
53 253 55 255 .
159 197 218 262 178
469 214 505 250 aa
523 214 683 252 auricomus
702 201 749 260 IV,
768 205 792 251 6.

158 369 212 426 quo
228 353 372 426 stipulatus
388 360 438 411 est.
468 363 608 427 praeterea
623 354 646 410 si
661 355 721 427 quis
736 351 898 426 generaliter
913 352 1046 408 hominem
1060 353 1112 408 sti·

157 438 266 510 pnlatus
281 438 316 493 sit
331 446 358 494 et
372 436 524 510 specialiter
538 437 660 493 Stichum
673 446 762 511 petat,
782 444 828 492 ant
843 437 1003 510 generaliter
1017 437 1110 492 vinum

158 520 315 594 stipulatus,
330 521 482 594 specialiter
497 521 654 595 Campanum
670 529 752 594 petat,
769 528 814 576 ant
829 519 990 593 generaliter
1004 535 1109 593 purpu-

158 621 214 660 ram
230 603 373 677 stipulatus
388 605 434 674 sit,
450 604 545 660 deinde
557 605 709 678 specialiter
717 605 821 678 Tyriam
836 611 922 676 petat:
939 602 1000 676 plus
1015 610 1112 676 petere

156 687 339 760 intellegitur,
354 689 414 760 qnia
429 687 586 744 electionem
602 689 751 744 adversario
766 686 853 758 tollit,
869 688 911 742 cui
926 686 1110 759 stipulationis

156 771 214 826 inre
228 769 341 826 liberum
362 771 414 827 init
433 771 504 827 aliud
520 773 639 844 solvere,
661 789 740 845 quam
760 770 832 843 quod
852 778 999 843 peteretur.
1042 772 1111 842 quin

157 855 236 910 etiam
250 854 313 910 lieet
328 855 483 910 vilissimum
503 858 555 926 sit,
575 855 647 927 quod
662 857 721 927 quis
736 862 824 928 petat,
846 852 930 910 nihilo
945 855 1031 909 minus
1047 853 1110 926 plus

157 946 249 1010 petere
270 938 452 1010 intellegitur,
474 941 535 1011 quia
555 956 635 1011 saepe
650 939 759 1008 accidit,
782 947 810 994 nt
830 939 989 1009 promissori
1004 937 1112 993 lacilius

108 1019 192 1078 33⁶sit
211 1021 277 1076 illud
297 1022 419 1092 solvere,
441 1023 515 1094 quod
535 1025 642 1078 maioris
662 1024 742 1096 pretii
757 1031 807 1080 est.
854 1020 906 1076 Sed
920 1022 986 1077 haec
1000 1020 1111 1094 quidem

156 1113 232 1162 antea
250 1107 279 1164 in
300 1123 351 1160 usn
366 1106 481 1163 inerant.
517 1114 612 1179 postea
628 1115 717 1162 autern
731 1106 773 1162 lex
788 1105 940 1162 Zenouiana
953 1112 981 1161 et
995 1099 1109 1160 ιιοιῑιιι

155 1204 211 1244 nam
225 1191 369 1260 coartavit,
389 1199 416 1245 et
430 1191 452 1245 si
469 1190 576 1262 quidem
592 1199 712 1263 tempore
727 1190 787 1263 plus
802 1189 883 1245 inerit
898 1191 1026 1262 petitum,
1043 1187 1110 1259 quid

156 1274 239 1328 statui
260 1281 385 1346 oportet,
407 1272 520 1328 Zenonis
536 1273 611 1330 divae
631 1275 774 1329 memoriae
794 1273 916 1344 loquitur
931 1273 1109 1329 constitutio:

155 1357 197 1411 sin
212 1364 299 1411 autem
314 1357 463 1428 quantitate
477 1357 519 1412 vel
541 1357 593 1413 alio
608 1357 687 1412 modo
703 1357 763 1430 plus
778 1355 861 1412 inerit
874 1357 1002 1429 petitum,
1017 1371 1111 1426 omne,

156 1440 179 1494 si
194 1439 258 1510 qnid
273 1440 344 1495 iortc
360 1440 484 1495 damnum
506 1449 536 1495 ut
557 1443 584 1496 in
606 1441 735 1515 sportulis
757 1456 789 1496 en
812 1441 861 1495 lrac
882 1455 961 1495 cansa
982 1439 1113 1496 acciderit

157 1517 211 1593 ei,²
234 1531 326 1578 contra
348 1540 426 1597 quern
449 1524 510 1598 plns
531 1527 645 1598 petitum
667 1526 763 1594 luerit,
785 1524 926 1580 commissa
947 1524 1021 1596 tripli
1043 1539 1110 1580 con·

107 1606 139 1656 34
155 1606 337 1678 damnatione,
358 1608 429 1663 sient
449 1625 528 1680 supra
548 1608 679 1678 diximus,
699 1609 836 1682 puniatur.
874 1606 902 1662 Si
922 1608 1010 1662 minus
1025 1607 1052 1661 in
1066 1608 1110 1662 in-

155 1693 275 1746 tentione
302 1691 457 1764 complexus
485 1692 566 1747 luerit
588 1701 677 1762 actor,
707 1708 787 1763 qnam
809 1693 842 1747 ad
863 1707 924 1746 eum
946 1692 1111 1763 pertineret,

156 1772 236 1828 veluti
252 1775 285 1842 si,
300 1790 360 1829 cnm
376 1776 400 1830 ei
416 1774 506 1832 decem
522 1774 693 1845 deberentur,
709 1778 828 1848 quinque
843 1774 894 1829 sibi
907 1773 964 1828 dari
979 1782 1110 1847 oportere

154 1856 315 1928 intenderit,
337 1865 383 1912 ant
398 1875 457 1914 cum
472 1867 545 1914 totus
560 1859 660 1914 lundus
675 1861 732 1914 eins
748 1867 835 1928 esset,
855 1866 959 1931 partem
973 1857 1109 1913 dimidiam

156 1956 231 1996 suam
246 1957 305 1995 esse
321 1941 439 2014 petierit,
454 1943 511 1997 sine
525 1942 645 2016 periculo
661 1944 730 2014 agit:
745 1945 773 1998 in
786 1942 922 2013 reliquum
936 1943 1006 1997 enirn
1021 1942 1109 1996 nihilo

156 2026 242 2080 minus
257 2023 336 2079 iudex
351 2025 528 2081 adversarium
541 2026 568 2084 in
581 2027 674 2082 eodem
689 2025 787 2082 indiolo
803 2017 980 2082 condemnat8
996 2042 1028 2080 en
1042 2041 1109 2082 oon·

106 2109 139 2158 35
156 2110 297 2164 stitutione
318 2108 391 2164 divae
412 2111 554 2165 memoriae
569 2110 691 2166 Zenonis.
727 2108 755 2165 Si
771 2112 830 2182 quis
845 2108 915 2166 aliud
931 2125 982 2182 pro
998 2109 1049 2164 alio
1064 2109 1109 2164 in·

156 2193 288 2262 laudarit,
311 2193 378 2250 nihil
400 2209 460 2249 eum
483 2193 627 2266 periclitari
643 2194 746 2267 placet,
768 2193 864 2248 sedin
890 2191 985 2248 eodem
1005 2192 1106 2248 indicio

156 2278 263 2348 cognita
278 2277 390 2334 veritate
405 2293 524 2332 errorem
538 2295 616 2332 suum
632 2279 771 2350 corrigere
781 2277 807 2332 ei
818 2277 1008 2350 permittimus,
1022 2276 1108 2331 veluti

156 2359 177 2413 si
194 2360 229 2428 is,
251 2361 298 2432 qui
318 2360 452 2417 hominem
467 2360 587 2422 Stichum
608 2368 700 2434 petere
716 2360 841 2432 deberet,
863 2359 970 2416 Erotem
985 2361 1107 2432 petierit,

156 2450 202 2496 aut
222 2444 245 2497 si
265 2443 325 2514 quis
345 2458 377 2497 ex
397 2452 556 2500 testamento
571 2443 622 2500 sihi
637 2445 694 2500 dari
709 2453 837 2518 oportere
851 2444 1011 2513 intenderit,
1033 2443 1109 2514 quod

156 2541 189 2580 ex
203 2525 332 2599 stipulatu
347 2526 467 2582 debatur.

107 2609 140 2658 36
219 2609 287 2665 Sunt
308 2619 446 2683 praeterea
467 2611 596 2685 quaedam
619 2614 754 2682 actiones,
781 2611 878 2684 quibus
901 2627 954 2666 non
977 2609 1109 2681 solidum,

156 2693 230 2765 quod
245 2691 357 2748 debetur
372 2694 468 2764 nobis,
489 2695 690 2768 persequimur,
712 2696 760 2753 aad
773 2694 854 2750 modo
874 2693 990 2750 solidum
1011 2709 1108 2750 conse·

157 2779 283 2849 quimur,
310 2779 391 2834 modo
414 2780 508 2834 minus.
552 2790 583 2836 nt
604 2795 667 2836 acce
688 2781 710 2834 si
732 2781 758 2834 in
779 2777 914 2852 peculium
937 2775 983 2833 lilii
1004 2778 1110 2833 servire

155 2941 355 2950 ---

223 3056 243 3120 ¹)
262 3058 294 3106 L.
314 3061 336 3114 1
354 3062 378 3112 2.
402 3059 429 3108 0.
452 3060 558 3122 deplere
574 3059 647 3122 petit.
667 3057 701 3121 (3,
723 3057 773 3122 10).
840 3055 1108 3110 3(1ιιιιιιιιιιιι...εἰ

156 3073 610 3201 stoBWnbsotarstvssdosvpg
595 3122 837 3192 ζημίαιυμβῇτῳ
865 3120 1056 3190 omonimo
1040 3099 1106 3176 aion

157 3189 336 3254 enoecadioe
353 3185 492 3246 πλειόνων
511 3183 589 3250 δόσις
609 3179 1108 3256 Theoplt.doiani1m...aiinsp0t·

156 3257 269 3315 tutisP;
287 3260 364 3307 utin
381 3259 509 3323 sportulis
527 3274 573 3312 om.
592 3259 628 3308 E
645 3261 703 3310 edd.
723 3258 797 3309 Scor.
815 3265 840 3309 et
857 3258 907 3308 Kr.
923 3260 971 3309 sed
987 3264 1108 3322 apparet,

156 3325 218 3373 daec
239 3325 329 3389 uerba,
353 3327 440 3390 quibus
460 3334 569 3390 propter
590 3327 613 3387 5
632 3328 674 3378 24.
696 3329 782 3376 careri
803 3342 852 3377 non
869 3331 966 3390 potest,
988 3341 1041 3375 cum
1059 3329 1106 3375 ali-

157 3393 257 3455 quando
275 3397 365 3443 omissa
383 3401 474 3454 essent,
492 3410 527 3444 ec:
543 3393 686 3445 melioribus
703 3394 775 3444 libris
787 3395 893 3442 diuersis
910 3393 972 3443 locis
988 3397 1109 3457 suppleta

157 3472 220 3512 esse.
288 3457 308 3501 ⁸l
328 3461 352 3509 E
358 3461 396 3509 W
414 3461 524 3525 l'lleopl.
542 3463 567 3510 ei
585 3462 664 3512 cond.
682 3461 706 3511 B
725 3463 866 3526 etquidem
884 3461 960 3522 inser.
980 3461 1019 3510 ed.
1031 3459 1107 3511 Sellr.
