2492 3896
373 225 409 258 44
429 223 518 260 annus
536 221 768 260 rnoonronennsns
784 211 821 272 11,
834 212 858 260 2.
1054 207 1096 272 45

134 366 219 420 missa
233 364 316 422 inerit
330 366 407 439 isque
423 381 455 421 ex
470 366 511 421 his
526 365 645 439 negotiis
659 379 716 420 rem
731 363 882 421 vendiderit
902 372 930 420 et
946 364 1096 437 tradiderit,

135 449 280 506 faciteam
303 450 466 523 accipientis.
509 449 645 504 Interdum
668 450 748 504 etiam
771 450 828 504 sine
857 448 1002 504 traditione
1024 449 1095 504 nuda
1112 457 1146 505 44

135 533 263 590 voluutas
278 532 381 591 sufficit
402 534 503 589 domini
523 533 554 588 ad
571 548 628 588 rem
644 532 869 603 transferendam,
893 532 976 589 veluti
991 535 1013 588 41
1029 549 1097 602 rem,

137 633 217 692 qnam
232 617 280 674 tibi
295 618 391 690 aliquis
405 616 587 673 commodavit
601 624 647 672 aut
661 616 759 672 locavit
773 625 820 672 aut
831 616 902 690 apud
917 625 944 672 te
959 616 1096 689 deposuit,

136 702 289 758 vendiderit
311 701 360 758 tihi
381 709 428 756 aut
446 700 595 757 donaverit.
633 701 752 772 quamvis
773 701 844 756 enlm
859 717 892 756 cn
907 716 939 756 ea
953 717 1033 756 causa
1050 700 1097 755 tibi

137 804 198 843 cam
219 803 274 842 non
296 785 445 853 tradiderit,
470 800 502 840 eo
525 793 612 840 tamen
634 786 704 857 ipso,
729 783 800 856 quod
815 787 918 858 patitur
932 793 1004 840 tuam
1027 800 1096 855 esse,

136 872 230 928 statim
244 869 394 944 adquiritur
413 867 462 924 tihl
476 870 627 942 proprietas
647 867 758 940 perinde
778 883 808 923 44
829 869 852 924 41
866 884 898 924 co
914 870 1022 924 nomine
1042 875 1097 924 tra·

137 955 196 1012 dita
209 953 314 1011 luisset.
350 952 415 1009 ltem
438 955 460 1008 si
481 955 541 1026 quis
562 967 664 1008 merces
685 953 711 1006 in
736 952 834 1008 horreo
850 951 984 1025 depositas
1008 951 1096 1008 vendi·
1113 960 1147 1008 45

137 1039 225 1109 derit,
246 1036 326 1092 simul
340 1045 420 1109 atque
434 1036 522 1093 claves
537 1037 629 1092 horrei
649 1035 792 1091 tradiderit
812 1037 943 1108 emptori,
967 1035 1097 1092 transient

137 1123 331 1198 proprietatem
348 1122 477 1176 mercium
499 1119 531 1175 ad
550 1128 708 1194 emptorem.
746 1119 803 1176 Hoc
823 1119 937 1192 amplius
960 1118 1096 1175 interdum
1113 1129 1147 1177 46

139 1216 168 1264 44
181 1209 210 1262 in
224 1207 353 1261 incertam
367 1220 511 1278 personam
522 1202 652 1260 collocata
662 1202 787 1259 voluntas
799 1203 900 1259 domini
913 1203 1042 1258 transfert
1056 1203 1096 1259 rel

138 1291 349 1364 proprietatemz
370 1297 401 1344 ut
416 1303 477 1344 4444
492 1293 632 1359 praetores
651 1287 694 1342 vel
713 1286 855 1358 consules,
871 1288 917 1360 qui
933 1287 1042 1344 missilia
1056 1289 1096 1342 ia·

140 1381 216 1430 etant
229 1373 257 1428 in
272 1371 384 1444 vulgus,
400 1372 534 1444 ignorant,
552 1369 614 1443 quid
631 1385 726 1425 eorum
740 1372 854 1442 quisque
870 1379 1032 1444 excepturus
1048 1373 1094 1442 sit,

140 1465 169 1513 et
191 1466 295 1524 tamen,
319 1457 380 1526 quia
401 1453 512 1524 volunt,
534 1451 609 1525 quod
630 1454 745 1525 quisque
766 1455 918 1526 exceperit,
941 1455 1001 1510 eius
1024 1471 1095 1527 esse,
1143 1449 1145 1454 ’

139 1542 231 1597 statim
246 1555 306 1594 eum
322 1538 459 1594 dominum
474 1535 602 1593 elliciunt.
648 1535 704 1603 Qua
718 1538 821 1593 ratione
841 1539 930 1592 verius
951 1553 1010 1593 esse
1024 1538 1096 1594 vide·
1114 1546 1147 1594 47

139 1634 185 1682 tur
206 1633 248 1695 et,
277 1625 299 1678 si
321 1639 377 1677 rem
398 1636 449 1694 pro
471 1621 600 1678 derelicto
623 1638 637 1677 4
659 1620 767 1677 domino
790 1621 906 1677 habitam
928 1623 1097 1695 occupaverit

138 1711 210 1782 quis,
232 1707 323 1762 statim
338 1722 399 1761 eum
419 1705 555 1761 dominum
571 1703 651 1761 ellici.
695 1721 746 1778 pro
762 1703 891 1761 derelicto
906 1713 997 1762 autem
1017 1704 1097 1762 habe·

138 1804 193 1866 tur,
216 1791 290 1864 quod
312 1791 435 1846 domiuus
457 1805 487 1844 ea
507 1795 596 1866 mente
617 1788 757 1858 abiecerit,
778 1797 809 1844 ut
828 1789 855 1844 id
876 1805 967 1846 rerum
988 1805 1096 1846 suarum

138 1894 198 1935 esse
212 1874 309 1947 nollet,
329 1873 445 1946 ideoque
459 1874 550 1929 statim
565 1873 689 1929 dominus
707 1889 766 1928 esse
787 1873 894 1930 desinit.
926 1868 1002 1929 ¹Alia
1017 1890 1097 1929 causa
1114 1884 1148 1933 48

138 1969 181 2018 est
202 1976 292 2016 earum
315 1973 420 2028 rerum,
445 1972 514 2028 quae
539 1958 566 2011 in
594 1965 752 2030 tempestate
774 1957 854 2012 maris
876 1957 1001 2012 levandae
1023 1959 1096 2012 navis

139 2060 219 2101 causa
234 2043 377 2099 eiciuntur.
414 2041 464 2096 hae
479 2040 549 2096 enim
564 2040 736 2096 dominorum
751 2048 917 2113 permanent,
932 2042 994 2112 qula
1010 2041 1096 2112 palam

140 2135 190 2199 est,
214 2142 258 2181 eas
281 2141 335 2181 non
357 2141 389 2180 eo
413 2125 500 2180 animo
523 2125 582 2194 eici,
605 2117 681 2196 quo²
702 2126 763 2197 quis
785 2139 829 2178 eas
845 2121 943 2179 habere
958 2140 1013 2179 non
1027 2124 1096 2193 vult,

141 2211 188 2268 sed
202 2226 257 2281 quo
273 2209 357 2282 magis
372 2224 432 2264 cum
447 2207 505 2280 ipsa
520 2209 580 2262 navi
594 2207 744 2280 periculum
759 2207 840 2262 maris
856 2205 980 2281 ellugiat:
995 2223 1047 2279 qua
1063 2206 1097 2262 de

140 2306 219 2352 causa
234 2294 257 2347 si
272 2293 333 2364 quis
348 2294 396 2348 444
406 2288 533 2346 fluctibus
548 2286 672 2363 expulsas
693 2291 736 2346 vel
756 2292 835 2346 etiam
850 2293 877 2347 in
892 2293 952 2365 ipso
968 2293 1034 2348 mari
1049 2307 1096 2348 na·

141 2387 201 2435 ctus
216 2376 335 2433 lucrandi
351 2377 438 2431 animo
455 2373 612 2445 abstulerit,
635 2374 738 2430 lurtum
758 2376 912 2432 committit.
950 2393 1000 2432 nec
1015 2376 1097 2450 longe

141 2461 277 2519 discedere
291 2459 415 2514 videntur
429 2457 462 2514 ab
477 2458 532 2529 his,
553 2475 623 2531 quae
638 2458 671 2515 de
685 2459 768 2514 rheda
784 2469 926 2532 currente,
949 2477 1005 2518 non
1018 2460 1097 2516 intel·

141 2543 292 2620 legentibus
308 2542 435 2614 dominia,
450 2542 558 2599 cadunt.

566 2755 624 2796 mm
638 2755 670 2796 11.

270 2911 273 2919 μ
357 2840 407 2890 nn
425 2839 543 2892 nunus
559 2840 883 2892 Inconronnnmus

204 2957 355 3031 ³Quaedam
370 2971 508 3036 praeterea
527 2979 570 3019 res
592 2963 746 3036 corporales
761 2971 841 3034 sunt,
862 2961 991 3034 quaedam
1007 2963 1097 3018 incor-
1110 2981 1146 3022 44.

142 3048 257 3122 pcrales.
293 3046 451 3120 Corporales
467 3063 514 3102 eae
528 3056 603 3118 sunt,
622 3063 691 3118 quae
706 3048 748 3102 sui
763 3055 858 3103 natura
875 3047 949 3120 tangi
965 3054 1094 3120 possunt:
1115 3063 1128 3108 1

141 3132 223 3189 veluti
245 3131 360 3202 fundus,
384 3131 481 3200 homo,
510 3132 607 3202 vestis,
635 3147 743 3203 aurum,
768 3137 910 3204 argentum
931 3138 961 3186 et
981 3130 1097 3202 denique

142 3216 204 3273 aliae
219 3232 262 3271 res
282 3213 498 3272 innumerabiles.
535 3214 718 3289 Incorporales
733 3223 821 3272 autem
837 3221 916 3286 suut,
936 3230 1006 3286 quae
1020 3214 1096 3288 tangi
1114 3228 1129 3275 2

208 3409 228 3476 1)
243 3413 301 3476 fere
319 3433 352 3453 =
369 3413 402 3466 L.
420 3415 443 3463 9.
461 3413 484 3474 5.
503 3414 528 3464 8.
546 3413 578 3461 D.
597 3414 653 3466 eod.
743 3409 764 3475 ²)
783 3411 853 3476 quod
870 3412 928 3474 Dip.
1014 3409 1036 3474 ⁸)
1052 3427 1096 3476 pr.

142 3479 382 3542 §§.1·-3.=0ai.
396 3483 420 3530 2.
434 3481 568 3534 12...14.
587 3480 620 3528 L.
634 3481 655 3528 1.
675 3480 697 3539 §-
711 3481 734 3528 1.
753 3479 789 3532 D.
806 3479 921 3529 dedicio.
938 3493 991 3529 rer.
1009 3478 1044 3542 (1,
1058 3473 1095 3541 8).
