2472 3896
120 183 140 246 6
272 201 307 235 na
323 199 390 235 rnna
409 198 549 245 neroum,
568 197 693 234 asumma
710 199 744 232 ar
761 197 847 234 ervrnr
866 182 888 246 1,
900 185 926 233 2.

120 341 163 396 his
179 341 307 414 quaedam
323 349 387 396 snnt
402 339 567 411 personales,
590 355 658 412 qnae
673 355 723 394 nec
742 338 774 394 ad
795 337 944 412 exemplum
967 338 1080 394 trahun-

121 435 183 495 tur,
212 425 336 496 qnoniam
359 441 413 478 non
442 423 494 479 hoc
516 425 641 496 princeps
663 423 736 478 vult:
765 438 824 477 nam
847 421 920 495 qnod
942 421 1020 477 alicui
1042 421 1080 478 ob

120 509 216 564 merita
227 506 350 577 indulsit,
373 506 414 562 vel
437 507 460 561 si
482 507 524 562 oui
546 523 659 579 poenam
681 508 821 579 irrogavit,
843 506 885 561 vel
908 507 931 560 si
954 507 997 561 cui
1019 507 1080 562 sine

121 591 244 665 evemplo
260 589 395 661 subvenit,
411 607 551 664 personam
567 607 622 646 non
636 589 785 663 egreditur.
820 588 885 646 aliae
900 599 1001 661 antem,
1016 607 1079 646 cnm

89 689 103 733 t
122 675 262 750 generales
280 682 357 746 sunt,
381 690 473 730 omncs
488 674 583 748 procnl
599 673 680 729 dnbio
696 680 799 730 tenent.
839 673 995 729 Praetornm
1010 691 1079 747 qno·

121 775 174 832 que
186 758 273 816 edicta
283 775 337 815 non
349 758 478 815 modicam
489 759 555 813 iuris
568 760 692 829 optinent
703 758 898 812 anctoritatem.
921 758 988 814 haec
998 759 1079 813 ctiam

120 845 162 898 ins
184 844 357 899 honorarium
373 843 491 898 solemus
506 841 650 915 appellare,
672 840 745 914 qnod
760 842 805 913 qnl
822 841 951 895 honorem
967 849 1079 914 gerunt,

119 928 201 982 idest
215 929 399 1000 magistratus,
414 927 601 982 anctoritatem
618 925 680 980 huic
698 926 748 980 iuri
770 924 911 979 dederunt.
942 941 1078 998 propone·

120 1009 184 1067 bant
199 1020 226 1066 et
241 1011 339 1066 aediles
363 1010 470 1066 curules
492 1008 606 1064 edictum
629 1009 661 1064 de
684 1007 841 1081 quibusdam
864 1006 977 1078 casibus,
1003 1009 1078 1081 qnod

87 1101 102 1150 8
120 1094 272 1151 edictum
264 1096 330 1150 ruris
356 1094 492 1150 honorarii
514 1094 603 1165 portio
627 1099 677 1148 est.
724 1085 883 1165 ¹llcsponsa
904 1092 1078 1165 prudentium

120 1187 184 1234 sunt
205 1180 321 1234 sentent'
314 1193 354 1233 tae
377 1187 404 1232 et
426 1178 566 1274 opiniones
588 1193 697 1246 eornm,
720 1174 816 1249 qulbus
839 1177 996 1249 permissum
1019 1185 1077 1232 erat

119 1263 178 1316 iura
193 1262 318 1318 condere.
349 1277 407 1316 nam
430 1245 579 1333 antiquitus
601 1262 754 1316 institutum
777 1268 842 1331 erat,
865 1267 895 1315 nt
917 1268 1008 1316 essent
1031 1262 1076 1333 qui

119 1346 177 1400 iura
199 1344 306 1419 publice
326 1346 586 1417 interpretarentur,
614 1344 710 1417 qulbus
733 1361 747 1399 a
769 1343 908 1399 Caesare
901 1359 942 1398 rus
965 1360 1077 1418 respon·

120 1428 201 1484 dendi
211 1430 301 1485 datum
313 1438 366 1500 est,
382 1431 427 1503 qni
442 1429 627 1484 iurisconsulti
642 1427 854 1501 appellabantur.
887 1443 1003 1500 quorum
1018 1443 1075 1483 om-

120 1515 193 1569 nium
215 1515 363 1570 sententiae
386 1523 413 1568 et
436 1515 576 1586 opiniones
598 1528 655 1567 eam
678 1513 866 1568 anctoritatem
887 1510 1022 1582 tenebant,
1046 1519 1076 1568 nt

120 1597 200 1652 indici
213 1597 339 1653 recedere
354 1613 368 1650 a
383 1613 515 1670 responso
531 1612 625 1651 corum
640 1612 694 1650 non
709 1595 813 1664 liceret,
836 1603 866 1649 ut
882 1605 923 1650 est
942 1597 1076 1651 constitn-

87 1688 102 1736 9
120 1688 187 1734 tum.
217 1679 254 1734 Er
269 1697 323 1735 non
339 1681 497 1752 scripto'ins
513 1681 593 1749 venit,
618 1678 689 1751 quod
705 1695 770 1733 usus
785 1678 978 1750 comprobavit.
1015 1695 1075 1735 nam

120 1762 241 1818 diuturni
253 1779 341 1818 mores
350 1779 484 1819 consensu
494 1763 627 1818 utentium
644 1762 810 1834 comprobati
825 1762 912 1834 legem
928 1763 1075 1820 imitantur.

73 1856 103 1902 10
121 1845 155 1901 Et
170 1862 224 1902 non
239 1845 406 1920 ineleganter
427 1849 454 1902 in
470 1847 535 1901 duas
550 1847 653 1919 species
668 1847 709 1900 ins
726 1846 801 1902 civile
817 1845 989 1901 distributum
1005 1846 1076 1902 vide·

121 1939 173 1986 tur.
210 1947 270 1986 nam
293 1931 371 2004 origo
393 1931 450 1985 eins
472 1929 503 1986 ab
519 1931 651 1985 institutis
667 1929 777 1984 duarum
793 1931 938 2001 civitatum,
960 1930 1076 1986 Athena·

119 2031 179 2069 rum
201 2015 303 2071 scilicet
324 2024 352 2070 et
374 2013 594 2085 Lacedaemonis,
617 2012 726 2068 fluxisse
748 2013 870 2068 videtur:
892 2014 919 2068 in
942 2014 983 2069 bis
1006 2015 1075 2070 enim

119 2099 269 2155 civitatibus
284 2101 320 2154 ita
335 2100 378 2172 agi
393 2097 504 2154 solitum
520 2107 588 2170 erat,
609 2107 638 2153 nt
654 2097 852 2153 Lacedaemonii
868 2097 975 2170 quidem
990 2100 1075 2172 magis

119 2199 160 2254 ea,
176 2199 243 2255 qnae
258 2201 308 2256 pro
324 2181 429 2256 legibus
445 2182 627 2254 observarent,
650 2183 794 2238 memoriae
810 2180 977 2252 mandarent,
993 2183 1075 2238 Athe-

121 2267 227 2321 nienses
249 2282 314 2321 vero
337 2283 383 2335 ea,
412 2283 477 2338 qnae
501 2268 527 2320 ln
555 2265 661 2339 legibus
684 2267 781 2337 scripta
804 2265 1040 2337 reprehendissent
1052 2259 1074 2336 ²,

120 2349 297 2405 custodirent.

72 2441 100 2487 11
184 2432 236 2487 Sed
248 2432 377 2488 naturalia
389 2432 495 2504 quidem
510 2433 575 2502 iura,
594 2448 661 2505 qnae
677 2432 747 2505 apud
763 2448 856 2486 omnes
872 2440 967 2505 gentes
983 2449 1075 2506 perae·

120 2532 173 2588 qne
194 2525 345 2584 servantur,
368 2515 453 2570 divina
476 2517 587 2588 quadam
609 2516 774 2589 providentia
791 2517 947 2588 constituta,
970 2533 1076 2591 semper

21 2649 23 2653 .
119 2597 193 2654 firma
216 2607 295 2672 atque
317 2597 489 2654 immutabilia
512 2608 682 2672 permanent:
705 2616 735 2653 ea
758 2615 831 2668 vcro,
855 2616 923 2672 qnae
945 2603 1002 2673 ipsa
1025 2601 1075 2656 sibi

120 2699 242 2757 quaeque
263 2684 354 2740 civitas
375 2685 525 2749 constituit,
547 2699 626 2756 saepe
640 2683 735 2737 mutari
751 2682 841 2738 solent
856 2683 898 2739 vel
915 2685 996 2740 tacito
1012 2702 1075 2740 con·

120 2784 201 2824 sensu
217 2768 310 2843 populi
326 2767 367 2823 vel
382 2766 430 2822 alia
445 2776 539 2839 postea
555 2767 615 2839 lege
630 2765 692 2820 lata.

73 2857 103 2905 12
184 2845 292 2909 3Omne
314 2861 402 2907 autem
424 2853 476 2920 ins,
500 2867 553 2922 qno
577 2851 687 2921 utimur,
709 2849 749 2905 vcl
764 2849 795 2904 ad
811 2867 942 2924 personas
958 2854 1075 2925 pertiaet

120 2935 162 2991 vel
183 2937 215 2991 ad
237 2953 280 2992 res
302 2935 345 2991 vel
366 2935 398 2990 ad
421 2936 548 2990 actiones.
579 2949 610 2988 ac
631 2933 706 3006 prins
729 2933 761 2988 de
783 2937 907 3009 personis
930 2936 1073 2992 videamus.

121 3035 181 3074 nam
196 3036 290 3093 parum
305 3028 347 3075 est
362 3021 405 3074 ins
420 3033 511 3089 nosse,
527 3019 550 3072 si
564 3032 705 3090 personae,
723 3034 834 3090 quarum
850 3035 929 3075 eausa
944 3028 1074 3076 statutum

120 3113 178 3174 est,
193 3105 361 3177 ignorentur.

189 3313 258 3376 ¹)=
272 3315 327 3369 Gai
342 3319 364 3393 1,
379 3318 401 3368 t.
414 3321 472 3364 mut.
542 3313 563 3378 ²)
581 3318 618 3366 aio
640 3315 689 3365 VA
707 3314 878 3364 invenissent
895 3313 919 3362 B
938 3307 969 3366 ἒν
986 3307 1074 3380 γράμ-

119 3396 208 3480 μασιν
228 3373 355 3432 loacas
340 3399 427 3440 οντας
449 3383 558 3447 Tdeopb.
584 3381 850 3447 comprehendissent
866 3383 983 3446 plerique
1001 3384 1075 3434 codd.

119 3447 183 3514 3..)
199 3449 473 3500 .videamus=Got'.
493 3454 515 3511 1,
534 3454 557 3502 8.
577 3451 608 3500 L.
628 3455 652 3499 1
669 3451 702 3500 D.
722 3450 753 3498 de
770 3454 839 3498 statu
856 3449 919 3501 bom.
939 3447 975 3512 (1,
993 3449 1030 3512 ὅ).
