2500 3890
262 218 297 252 oar
316 218 455 254 numerose
473 219 508 253 nr
524 218 697 254 vnunrrroun
715 203 766 266 111,
785 206 818 255 23
836 201 898 268 (24).
1000 202 1060 266 139

121 364 143 410 et
155 356 242 427 bodie,
258 358 322 413 dum
337 359 414 431 queri
429 373 484 414 non
499 366 606 431 potest,
621 360 754 432 scriptura
771 358 920 432 obligetur:
941 367 968 414 et
983 375 1015 414 ex
1029 375 1060 415 ea

119 441 223 496 nescitur
248 441 401 518 condictio,
435 450 558 499 cessante
586 441 689 498 scilicet
717 441 860 498 verborum
887 441 1060 516 obligatione.

119 524 217 580 multum
227 534 316 581 autem
326 535 431 598 tempus
450 527 477 580 in
496 526 544 581 hec
556 527 712 599 exceptione
728 535 805 582 antea
821 525 929 599 quidem
939 542 971 581 ex
986 527 1060 599 prin·

118 607 232 680 cipalibus
248 609 490 665 constitutionibus
506 625 593 682 usque
609 609 640 664 ad
657 611 867 682 quinquennium
883 609 1059 683 procedebat:

118 690 156 745 sed
168 709 200 747 ne
214 693 363 748 creditores
379 693 479 748 diutius
493 695 598 766 possint
619 695 675 748 suis
689 695 810 766 pecuniis
825 693 939 750 forsitan
954 692 1059 750 defrau-

117 773 175 845 dari,
196 793 243 850 per
265 778 486 833 constitutionem
508 770 648 832 nostram¹
664 785 770 849 tempus
786 785 935 832 coartatum
951 788 1006 848 cst,
1029 786 1061 834 ut

117 857 176 915 ultra
190 858 290 916 biennii
305 868 389 916 metas
405 861 559 916 huiusmodi
574 862 696 935 exceptio
712 861 819 916 minime
833 860 1001 916 extendatur.

451 1071 510 1114 rrr.
520 1071 590 1111 xxrr
602 1071 709 1122 (xxm).

317 1156 367 1208 DE
384 1155 570 1208 consensit
588 1156 845 1212 OBLIGATIONE.

113 1347 115 1351 Ι
168 1270 323 1334 ²Gonsensu
339 1276 407 1333 liunt
423 1277 601 1351 obligationes
617 1279 644 1333 ln
655 1279 836 1352 emptionibus
847 1278 1056 1350 venditionibus,
1069 1289 1108 1331 er.

115 1357 283 1418 locationibus
310 1361 551 1433 conductionibus,
585 1361 782 1428 societatibus,
812 1363 951 1418 mandatis.
994 1363 1090 1418 ldeol

115 1452 190 1499 autem
206 1447 264 1502 istis
281 1445 367 1500 modis
381 1462 514 1502 consensu
532 1445 630 1502 dicitur
646 1444 773 1518 obligatio
789 1446 1059 1520 contrah1,quiane·

115 1543 158 1598 que
171 1531 303 1602 scriptura
318 1545 406 1601 neque
422 1531 571 1602 praesentia
587 1528 740 1585 omnimodo
757 1545 826 1602 opus
840 1538 892 1592 est,
909 1545 940 1586 ac
954 1545 988 1584 ne
1001 1529 1059 1584 dari

115 1611 245 1685 quidquam
258 1629 369 1668 necesse
381 1621 432 1682 est,
451 1621 481 1668 ut
497 1611 670 1668 substantium
689 1613 776 1684 capiat
787 1611 926 1685 obligatio,
940 1613 987 1668 sed
1002 1611 1057 1667 sui·

114 1691 160 1750 ficit
174 1713 228 1767 eos,
245 1697 291 1769 qul
307 1698 445 1770 negotium
457 1705 566 1770 gerunt,
582 1696 745 1752 consentire.
768 1695 841 1751 Unde
852 1697 923 1753 inter
934 1695 1057 1752 absentes
1076 1704 1091 1751 2

114 1793 209 1852 quoque
232 1780 293 1836 talia
314 1781 423 1852 negotia
445 1781 656 1849 contrahuntur,
676 1779 760 1835 veluti
780 1796 829 1853 per
850 1779 991 1853 epistulam
1012 1789 1058 1836 aut

113 1877 154 1932 per
166 1865 298 1920 nuntium.
327 1863 393 1919 item
408 1865 436 1919 iu
455 1864 497 1919 bis
512 1863 692 1920 contractibus
707 1863 866 1919 alteralteri
883 1863 1018 1936 obligatur
1031 1866 1058 1919 in
1075 1873 1091 1920 3

112 1943 147 2016 ld,
166 1948 236 2019 quod
258 1947 373 2003 alterum
393 1947 469 2002 elteri
491 1963 522 2002 er
543 1947 616 2003 bono
636 1955 664 2002 et
685 1963 771 2018 aequo
785 1955 922 2019 praestare
938 1955 1058 2021 oportet,

112 2044 162 2085 cum
176 2031 292 2104 alioquin
307 2032 334 2086 in
349 2030 492 2086 verborum
508 2029 716 2105 obligationibus
732 2030 799 2085 alius
814 2031 973 2104 stipuletur,
989 2030 1057 2086 alius

111 2116 250 2183 promittet.

448 2271 707 2342 rrr.xx11‘1<xxrv>‘

293 2394 342 2446 DE
361 2393 546 2446 EMPTIONE
565 2394 612 2442 ET
629 2391 862 2444 VENDITIONE.

165 2524 290 2606 ³limptio
306 2541 333 2589 et
343 2533 461 2589 venditio
473 2532 649 2602 contrahitur,
666 2532 828 2605 simulatque
843 2532 876 2589 de
891 2535 979 2606 pretio
994 2551 1057 2590 con·
1070 2554 1106 2594 rr.

108 2617 217 2687 venerit,
239 2619 357 2689 quamvis
378 2617 496 2672 noudum
516 2617 632 2689 pretium
653 2624 820 2672 numeratum
842 2619 878 2672 sit
899 2635 929 2674 ac
949 2633 983 2672 ne
997 2633 1057 2672 arra

108 2699 205 2767 quidem
221 2700 282 2755 deta
297 2700 388 2756 inerit.
425 2717 484 2755 nam
501 2699 573 2772 quod
590 2715 664 2754 arrae
679 2704 786 2755 nomine
801 2700 894 2770 datur,
915 2717 1057 2772 argumen-

107 2785 158 2836 tum
172 2794 213 2839 est
230 2785 372 2857 emptionis
394 2791 422 2839 et
442 2783 601 2838 venditionis
617 2791 778 2839 contractae.
808 2783 855 2838 sed
869 2783 935 2838 hoec
950 2783 1057 2855 quidem

107 2861 136 2918 de
146 2866 323 2940 emptionibus
336 2875 363 2923 et
374 2866 588 2936 venditionibus,
604 2882 672 2938 quae
683 2869 741 2922 sine
753 2868 882 2939 scriptura
894 2867 1057 2937 consistunt,

107 2949 222 3019 optinere
238 2959 363 3024 oportet:
379 2967 439 3006 nam
456 2950 523 3006 nibil
538 2965 552 3004 a
568 2949 644 3005 nobis
656 2951 683 3005 in
695 2949 847 3005 huiusmodi
858 2948 1057 3005 venditionibus

105 3029 251 3090 innovatum
267 3043 318 3090 est.
349 3035 377 3089 in
394 3035 435 3090 his
451 3043 549 3105 eutem,
566 3050 634 3106 quae
649 3035 781 3107 scriptura
796 3031 985 3104 conficiuntur,
1001 3050 1055 3090 non

105 3113 176 3171 aliter
191 3117 338 3191 perfectam
354 3134 413 3174 esse
430 3119 590 3190 emptionem
607 3126 634 3173 et
648 3117 827 3172 venditionem
842 3111 1058 3188 constituimus,4

106 3242 298 3256 καψ-

166 3326 186 3394 1)
205 3332 236 3381 l..
258 3333 297 3381 tt.
317 3331 343 3383 0.
363 3332 394 3380 de
413 3347 470 3380 ecee.
490 3345 539 3380 non
558 3344 620 3378 nom.
640 3345 695 3393 pec.
717 3329 751 3391 (4,
770 3330 823 3392 30).
909 3327 930 3392 ²)
947 3331 1005 3393 sere
1023 3352 1056 3374 ι..-

104 3393 155 3448 Gat'.
173 3401 196 3459 3,
216 3401 264 3448 135
279 3399 389 3450 ...13‘t.
407 3399 439 3447 L.
459 3400 483 3447 2.
502 3399 536 3446 D.
556 3399 587 3446 de
606 3395 653 3444 ott.
673 3404 699 3445 et
716 3403 766 3446 act.
785 3397 837 3462 (44,
858 3397 894 3456 t).
963 3395 984 3464 ³)
1001 3400 1056 3452 init.

100 3481 130 3502 ἓ
150 3464 203 3519 θαὶ,
220 3468 244 3524 3,
266 3467 322 3518 139.
392 3462 414 3525 ⁴)
433 3467 465 3514 L.
485 3467 523 3514 17.
542 3463 570 3512 C.
589 3464 687 3525 deside
705 3465 779 3514 (mir.
799 3463 832 3529 (4,
851 3461 903 3530 21).
