<?xml version="1.0" encoding="UTF-8"?>
<!DOCTYPE html PUBLIC "-//W3C//DTD XHTML 1.0 Transitional//EN"
    "http://www.w3.org/TR/xhtml1/DTD/xhtml1-transitional.dtd">
<html xmlns="http://www.w3.org/1999/xhtml" xml:lang="en" lang="en">
 <head>
  <title>
</title>
<meta http-equiv="Content-Type" content="text/html;charset=utf-8" />
  <meta name='ocr-system' content='tesseract 3.04.00' />
  <meta name='ocr-capabilities' content='ocr_page ocr_carea ocr_par ocr_line ocrx_word'/>
</head>
<body>
  <div class='ocr_page' id='page_1' title='image "./impiustinianiin00huscgoog_0088.png"; bbox 0 0 2492 3896; ppageno 0'>
   <div class='ocr_carea' id='block_1_1' title="bbox 369 185 1092 252">
    <p class='ocr_par' dir='ltr' id='par_1_1' title="bbox 369 185 1092 252">
     <span class='ocr_line' id='line_1_1' title="bbox 369 185 1092 252; baseline 0.004 -12"><span class='ocrx_word' id='word_1_1' title='bbox 369 204 405 240; x_wconf 79' lang='lat' dir='ltr'><strong>na</strong></span> <span class='ocrx_word' id='word_1_2' title='bbox 423 203 550 240; x_wconf 74' lang='lat' dir='ltr'><strong>umrrasr</strong></span> <span class='ocrx_word' id='word_1_3' title='bbox 568 203 744 241; x_wconf 69' lang='lat' dir='ltr'><strong>resrsunnro</strong></span> <span class='ocrx_word' id='word_1_4' title='bbox 761 191 796 252; x_wconf 85' lang='lat'><strong>11,</strong></span> <span class='ocrx_word' id='word_1_5' title='bbox 816 193 854 244; x_wconf 92' lang='grc'><strong>11.</strong></span> <span class='ocrx_word' id='word_1_6' title='bbox 1050 185 1092 250; x_wconf 80' lang='grc'><strong>63</strong></span> 
     </span>
    </p>
   </div>
   <div class='ocr_carea' id='block_1_2' title="bbox 360 389 865 527">
    <p class='ocr_par' dir='ltr' id='par_1_2' title="bbox 360 389 865 527">
     <span class='ocr_line' id='line_1_2' title="bbox 556 389 671 432; baseline 0.026 -3"><span class='ocrx_word' id='word_1_7' title='bbox 556 389 614 429; x_wconf 75' lang='lat' dir='ltr'><strong>tur.</strong></span> <span class='ocrx_word' id='word_1_8' title='bbox 628 389 671 432; x_wconf 73' lang='lat'><strong>11.</strong></span> 
     </span>
     <span class='ocr_line' id='line_1_3' title="bbox 360 473 865 527; baseline 0.008 -5"><span class='ocrx_word' id='word_1_9' title='bbox 360 473 410 522; x_wconf 83' lang='lat' dir='ltr'><strong>DE</strong></span> <span class='ocrx_word' id='word_1_10' title='bbox 428 473 596 524; x_wconf 83' lang='lat' dir='ltr'>MILITARI</span> <span class='ocrx_word' id='word_1_11' title='bbox 614 473 865 527; x_wconf 79' lang='lat' dir='ltr'><strong>TESTAMENTO.</strong></span> 
     </span>
    </p>
   </div>
   <div class='ocr_carea' id='block_1_3' title="bbox 131 585 1141 3014">
    <p class='ocr_par' dir='ltr' id='par_1_3' title="bbox 131 585 1141 3014">
     <span class='ocr_line' id='line_1_4' title="bbox 200 585 1141 668; baseline 0.003 -21"><span class='ocrx_word' id='word_1_12' title='bbox 200 585 306 666; x_wconf 89' lang='lat' dir='ltr'><strong>¹Supra</strong></span> <span class='ocrx_word' id='word_1_13' title='bbox 325 593 397 651; x_wconf 88' lang='lat' dir='ltr'><strong>diota</strong></span> <span class='ocrx_word' id='word_1_14' title='bbox 411 595 528 668; x_wconf 79' lang='lat' dir='ltr'><strong>diligens</strong></span> <span class='ocrx_word' id='word_1_15' title='bbox 544 594 694 651; x_wconf 89' lang='lat' dir='ltr'><strong>observatio</strong></span> <span class='ocrx_word' id='word_1_16' title='bbox 709 597 737 651; x_wconf 91' lang='lat' dir='ltr'><strong>in</strong></span> <span class='ocrx_word' id='word_1_17' title='bbox 758 595 910 666; x_wconf 69' lang='lat' dir='ltr'>ordinandis</span> <span class='ocrx_word' id='word_1_18' title='bbox 925 595 1092 651; x_wconf 77' lang='lat' dir='ltr'><strong>testamentis</strong></span> <span class='ocrx_word' id='word_1_19' title='bbox 1104 604 1141 643; x_wconf 77' lang='lat'><strong>1³1·</strong></span> 
     </span>
     <span class='ocr_line' id='line_1_5' title="bbox 132 675 1093 752; baseline 0.001 -19"><span class='ocrx_word' id='word_1_20' title='bbox 132 675 266 734; x_wconf 86' lang='lat' dir='ltr'><strong>militibus</strong></span> <span class='ocrx_word' id='word_1_21' title='bbox 277 686 391 751; x_wconf 90' lang='lat' dir='ltr'><strong>propter</strong></span> <span class='ocrx_word' id='word_1_22' title='bbox 402 680 507 735; x_wconf 84' lang='lat' dir='ltr'><strong>nimiam</strong></span> <span class='ocrx_word' id='word_1_23' title='bbox 519 679 680 752; x_wconf 81' lang='lat' dir='ltr'><strong>imperitiam</strong></span> <span class='ocrx_word' id='word_1_24' title='bbox 692 679 929 736; x_wconf 82' lang='lat' dir='ltr'><strong>constitutionibus</strong></span> <span class='ocrx_word' id='word_1_25' title='bbox 940 679 1093 752; x_wconf 87' lang='lat' dir='ltr'><strong>principali·</strong></span> 
     </span>
     <span class='ocr_line' id='line_1_6' title="bbox 131 761 1092 836; baseline 0 -18"><span class='ocrx_word' id='word_1_26' title='bbox 131 761 186 818; x_wconf 91' lang='lat' dir='ltr'><strong>bus</strong></span> <span class='ocrx_word' id='word_1_27' title='bbox 207 761 319 816; x_wconf 88' lang='lat' dir='ltr'><strong>remissa</strong></span> <span class='ocrx_word' id='word_1_28' title='bbox 340 770 394 818; x_wconf 89' lang='lat' dir='ltr'><strong>est.</strong></span> <span class='ocrx_word' id='word_1_29' title='bbox 429 779 490 819; x_wconf 94' lang='lat' dir='ltr'><strong>nam</strong></span> <span class='ocrx_word' id='word_1_30' title='bbox 506 765 625 836; x_wconf 85' lang='lat' dir='ltr'><strong>quamvis</strong></span> <span class='ocrx_word' id='word_1_31' title='bbox 640 764 667 818; x_wconf 89' lang='lat' dir='ltr'><strong>bi</strong></span> <span class='ocrx_word' id='word_1_32' title='bbox 683 779 771 836; x_wconf 90' lang='lat' dir='ltr'><strong>neque</strong></span> <span class='ocrx_word' id='word_1_33' title='bbox 785 763 935 836; x_wconf 79' lang='lat' dir='ltr'><strong>legitimum</strong></span> <span class='ocrx_word' id='word_1_34' title='bbox 950 777 1092 818; x_wconf 78' lang='lat' dir='ltr'><strong>numeram</strong></span> 
     </span>
     <span class='ocr_line' id='line_1_7' title="bbox 132 843 1093 918; baseline 0 -16"><span class='ocrx_word' id='word_1_35' title='bbox 132 847 246 902; x_wconf 91' lang='lat' dir='ltr'><strong>testium</strong></span> <span class='ocrx_word' id='word_1_36' title='bbox 262 843 433 901; x_wconf 76' lang='lat' dir='ltr'><strong>adhibuerint</strong></span> <span class='ocrx_word' id='word_1_37' title='bbox 447 863 534 918; x_wconf 90' lang='lat' dir='ltr'><strong>neque</strong></span> <span class='ocrx_word' id='word_1_38' title='bbox 550 847 627 902; x_wconf 89' lang='lat' dir='ltr'><strong>aliam</strong></span> <span class='ocrx_word' id='word_1_39' title='bbox 648 855 871 903; x_wconf 84' lang='lat' dir='ltr'><strong>testamentorum</strong></span> <span class='ocrx_word' id='word_1_40' title='bbox 886 846 1093 902; x_wconf 86' lang='lat' dir='ltr'><strong>sollemnitatem</strong></span> 
     </span>
     <span class='ocr_line' id='line_1_8' title="bbox 133 928 1094 1001; baseline 0.001 -16"><span class='ocrx_word' id='word_1_41' title='bbox 133 928 354 999; x_wconf 82' lang='lat' dir='ltr'><strong>observaverint,</strong></span> <span class='ocrx_word' id='word_1_42' title='bbox 375 940 449 986; x_wconf 89' lang='lat' dir='ltr'><strong>reete</strong></span> <span class='ocrx_word' id='word_1_43' title='bbox 469 930 552 986; x_wconf 89' lang='lat' dir='ltr'><strong>nihilo</strong></span> <span class='ocrx_word' id='word_1_44' title='bbox 573 933 661 986; x_wconf 87' lang='lat' dir='ltr'><strong>minus</strong></span> <span class='ocrx_word' id='word_1_45' title='bbox 684 938 831 1001; x_wconf 86' lang='lat' dir='ltr'><strong>testantur,</strong></span> <span class='ocrx_word' id='word_1_46' title='bbox 851 929 974 986; x_wconf 84' lang='lat' dir='ltr'><strong>videlieet</strong></span> <span class='ocrx_word' id='word_1_47' title='bbox 989 946 1049 986; x_wconf 89' lang='lat' dir='ltr'><strong>oum</strong></span> <span class='ocrx_word' id='word_1_48' title='bbox 1064 931 1094 986; x_wconf 92' lang='lat' dir='ltr'><strong>in</strong></span> 
     </span>
     <span class='ocr_line' id='line_1_9' title="bbox 132 1006 1092 1088; baseline -0.003 -18"><span class='ocrx_word' id='word_1_49' title='bbox 132 1011 354 1086; x_wconf 83' lang='lat' dir='ltr'><strong>expeditionibus</strong></span> <span class='ocrx_word' id='word_1_50' title='bbox 371 1016 493 1086; x_wconf 84' lang='lat' dir='ltr'><strong>occupati</strong></span> <span class='ocrx_word' id='word_1_51' title='bbox 511 1022 589 1071; x_wconf 90' lang='lat' dir='ltr'><strong>sunt:</strong></span> <span class='ocrx_word' id='word_1_52' title='bbox 605 1014 678 1088; x_wconf 93' lang='lat' dir='ltr'><strong>quod</strong></span> <span class='ocrx_word' id='word_1_53' title='bbox 694 1016 789 1070; x_wconf 90' lang='lat' dir='ltr'><strong>merito</strong></span> <span class='ocrx_word' id='word_1_54' title='bbox 805 1021 898 1070; x_wconf 89' lang='lat' dir='ltr'><strong>nostra</strong></span> <span class='ocrx_word' id='word_1_55' title='bbox 913 1006 1092 1070; x_wconf 87' lang='lat' dir='ltr'><strong>constitutio²</strong></span> 
     </span>
     <span class='ocr_line' id='line_1_10' title="bbox 131 1096 1092 1172; baseline -0.001 -20"><span class='ocrx_word' id='word_1_56' title='bbox 131 1096 249 1152; x_wconf 85' lang='lat' dir='ltr'><strong>induxit.</strong></span> <span class='ocrx_word' id='word_1_57' title='bbox 280 1113 390 1170; x_wconf 91' lang='lat' dir='ltr'><strong>quoquo</strong></span> <span class='ocrx_word' id='word_1_58' title='bbox 402 1100 472 1153; x_wconf 88' lang='lat' dir='ltr'><strong>enim</strong></span> <span class='ocrx_word' id='word_1_59' title='bbox 484 1098 564 1154; x_wconf 95' lang='lat' dir='ltr'><strong>modo</strong></span> <span class='ocrx_word' id='word_1_60' title='bbox 576 1098 700 1154; x_wconf 91' lang='lat' dir='ltr'><strong>voluntas</strong></span> <span class='ocrx_word' id='word_1_61' title='bbox 712 1100 771 1156; x_wconf 93' lang='lat' dir='ltr'><strong>eius</strong></span> <span class='ocrx_word' id='word_1_62' title='bbox 782 1114 907 1172; x_wconf 90' lang='lat' dir='ltr'><strong>suprema</strong></span> <span class='ocrx_word' id='word_1_63' title='bbox 922 1098 976 1153; x_wconf 87' lang='lat' dir='ltr'><strong>sive</strong></span> <span class='ocrx_word' id='word_1_64' title='bbox 991 1099 1092 1168; x_wconf 85' lang='lat' dir='ltr'><strong>scripta</strong></span> 
     </span>
     <span class='ocr_line' id='line_1_11' title="bbox 131 1180 1093 1255; baseline 0 -19"><span class='ocrx_word' id='word_1_65' title='bbox 131 1181 288 1236; x_wconf 86' lang='lat' dir='ltr'><strong>inveniatur</strong></span> <span class='ocrx_word' id='word_1_66' title='bbox 301 1181 357 1237; x_wconf 89' lang='lat' dir='ltr'><strong>sive</strong></span> <span class='ocrx_word' id='word_1_67' title='bbox 372 1183 590 1255; x_wconf 83' lang='lat' dir='ltr'><strong>siuescriptura,</strong></span> <span class='ocrx_word' id='word_1_68' title='bbox 611 1182 683 1238; x_wconf 89' lang='lat' dir='ltr'><strong>valet</strong></span> <span class='ocrx_word' id='word_1_69' title='bbox 704 1191 891 1240; x_wconf 87' lang='lat' dir='ltr'><strong>testamentum</strong></span> <span class='ocrx_word' id='word_1_70' title='bbox 906 1198 939 1237; x_wconf 91' lang='lat' dir='ltr'><strong>ex</strong></span> <span class='ocrx_word' id='word_1_71' title='bbox 954 1180 1093 1236; x_wconf 88' lang='lat' dir='ltr'><strong>voluntate</strong></span> 
     </span>
     <span class='ocr_line' id='line_1_12' title="bbox 132 1263 1093 1339; baseline 0 -19"><span class='ocrx_word' id='word_1_72' title='bbox 132 1265 211 1322; x_wconf 85' lang='lat' dir='ltr'><strong>eius.¹</strong></span> <span class='ocrx_word' id='word_1_73' title='bbox 234 1263 288 1318; x_wconf 91' lang='lat' dir='ltr'><strong>illis</strong></span> <span class='ocrx_word' id='word_1_74' title='bbox 305 1273 394 1320; x_wconf 91' lang='lat' dir='ltr'><strong>autem</strong></span> <span class='ocrx_word' id='word_1_75' title='bbox 409 1264 587 1338; x_wconf 83' lang='lat' dir='ltr'><strong>temporibus,</strong></span> <span class='ocrx_word' id='word_1_76' title='bbox 600 1282 649 1339; x_wconf 90' lang='lat' dir='ltr'><strong>per</strong></span> <span class='ocrx_word' id='word_1_77' title='bbox 664 1282 733 1339; x_wconf 86' lang='lat' dir='ltr'><strong>quae</strong></span> <span class='ocrx_word' id='word_1_78' title='bbox 749 1268 815 1322; x_wconf 89' lang='lat' dir='ltr'><strong>citra</strong></span> <span class='ocrx_word' id='word_1_79' title='bbox 829 1265 1029 1339; x_wconf 85' lang='lat' dir='ltr'><strong>expeditionum</strong></span> <span class='ocrx_word' id='word_1_80' title='bbox 1045 1281 1093 1320; x_wconf 90' lang='lat' dir='ltr'><strong>ne·</strong></span> 
     </span>
     <span class='ocr_line' id='line_1_13' title="bbox 132 1344 1091 1424; baseline -0.002 -20"><span class='ocrx_word' id='word_1_81' title='bbox 132 1348 289 1404; x_wconf 79' lang='lat' dir='ltr'><strong>cessitatem</strong></span> <span class='ocrx_word' id='word_1_82' title='bbox 300 1349 328 1404; x_wconf 92' lang='lat' dir='ltr'><strong>in</strong></span> <span class='ocrx_word' id='word_1_83' title='bbox 340 1348 397 1404; x_wconf 90' lang='lat' dir='ltr'><strong>aliis</strong></span> <span class='ocrx_word' id='word_1_84' title='bbox 410 1349 476 1404; x_wconf 88' lang='lat' dir='ltr'><strong>loeis</strong></span> <span class='ocrx_word' id='word_1_85' title='bbox 491 1347 533 1405; x_wconf 85' lang='lat' dir='ltr'><strong>vel</strong></span> <span class='ocrx_word' id='word_1_86' title='bbox 548 1351 576 1404; x_wconf 93' lang='lat' dir='ltr'><strong>in</strong></span> <span class='ocrx_word' id='word_1_87' title='bbox 591 1351 648 1404; x_wconf 91' lang='lat' dir='ltr'><strong>suis</strong></span> <span class='ocrx_word' id='word_1_88' title='bbox 662 1344 791 1405; x_wconf 83' lang='lat' dir='ltr'><strong>sedibus³</strong></span> <span class='ocrx_word' id='word_1_89' title='bbox 805 1348 920 1424; x_wconf 78' lang='lat' dir='ltr'><strong>degunt,</strong></span> <span class='ocrx_word' id='word_1_90' title='bbox 935 1349 1043 1403; x_wconf 90' lang='lat' dir='ltr'><strong>minime</strong></span> <span class='ocrx_word' id='word_1_91' title='bbox 1059 1346 1091 1402; x_wconf 89' lang='lat' dir='ltr'><strong>ad</strong></span> 
     </span>
     <span class='ocr_line' id='line_1_14' title="bbox 132 1430 1092 1506; baseline 0 -20"><span class='ocrx_word' id='word_1_92' title='bbox 132 1430 320 1487; x_wconf 87' lang='lat' dir='ltr'><strong>vindicandum</strong></span> <span class='ocrx_word' id='word_1_93' title='bbox 344 1432 395 1487; x_wconf 92' lang='lat' dir='ltr'><strong>tale</strong></span> <span class='ocrx_word' id='word_1_94' title='bbox 414 1432 582 1506; x_wconf 81' lang='lat' dir='ltr'><strong>privilegium</strong></span> <span class='ocrx_word' id='word_1_95' title='bbox 604 1432 775 1489; x_wconf 85' lang='lat' dir='ltr'><strong>adiuvantur:</strong></span> <span class='ocrx_word' id='word_1_96' title='bbox 798 1432 845 1488; x_wconf 92' lang='lat' dir='ltr'><strong>sed</strong></span> <span class='ocrx_word' id='word_1_97' title='bbox 866 1433 957 1488; x_wconf 90' lang='lat' dir='ltr'><strong>testari</strong></span> <span class='ocrx_word' id='word_1_98' title='bbox 974 1431 1092 1503; x_wconf 90' lang='lat' dir='ltr'><strong>quidem,</strong></span> 
     </span>
     <span class='ocr_line' id='line_1_15' title="bbox 133 1512 1091 1589; baseline -0.002 -17"><span class='ocrx_word' id='word_1_99' title='bbox 133 1523 165 1572; x_wconf 87' lang='lat' dir='ltr'><strong>et</strong></span> <span class='ocrx_word' id='word_1_100' title='bbox 179 1516 202 1570; x_wconf 91' lang='lat' dir='ltr'><strong>si</strong></span> <span class='ocrx_word' id='word_1_101' title='bbox 217 1512 379 1571; x_wconf 75' lang='lat' dir='ltr'><strong>filiifamilias</strong></span> <span class='ocrx_word' id='word_1_102' title='bbox 394 1525 474 1586; x_wconf 89' lang='lat' dir='ltr'><strong>sunt,</strong></span> <span class='ocrx_word' id='word_1_103' title='bbox 495 1524 609 1589; x_wconf 87' lang='lat' dir='ltr'><strong>propter</strong></span> <span class='ocrx_word' id='word_1_104' title='bbox 623 1517 741 1572; x_wconf 90' lang='lat' dir='ltr'><strong>militiam</strong></span> <span class='ocrx_word' id='word_1_105' title='bbox 757 1515 956 1585; x_wconf 84' lang='lat' dir='ltr'><strong>conceduntur,</strong></span> <span class='ocrx_word' id='word_1_106' title='bbox 976 1516 1034 1570; x_wconf 91' lang='lat' dir='ltr'><strong>iure</strong></span> <span class='ocrx_word' id='word_1_107' title='bbox 1050 1523 1091 1570; x_wconf 90' lang='lat' dir='ltr'><strong>ta-</strong></span> 
     </span>
     <span class='ocr_line' id='line_1_16' title="bbox 133 1597 1092 1666; baseline -0.002 -12"><span class='ocrx_word' id='word_1_108' title='bbox 133 1615 197 1654; x_wconf 88' lang='lat' dir='ltr'><strong>men</strong></span> <span class='ocrx_word' id='word_1_109' title='bbox 220 1601 367 1666; x_wconf 89' lang='lat' dir='ltr'><strong>communi,</strong></span> <span class='ocrx_word' id='word_1_110' title='bbox 391 1616 421 1656; x_wconf 88' lang='lat' dir='ltr'><strong>ea</strong></span> <span class='ocrx_word' id='word_1_111' title='bbox 442 1599 628 1656; x_wconf 80' lang='lat' dir='ltr'><strong>observatione</strong></span> <span class='ocrx_word' id='word_1_112' title='bbox 650 1608 677 1655; x_wconf 94' lang='lat' dir='ltr'><strong>et</strong></span> <span class='ocrx_word' id='word_1_113' title='bbox 699 1601 726 1655; x_wconf 90' lang='lat' dir='ltr'><strong>in</strong></span> <span class='ocrx_word' id='word_1_114' title='bbox 748 1616 842 1657; x_wconf 90' lang='lat' dir='ltr'><strong>eorum</strong></span> <span class='ocrx_word' id='word_1_115' title='bbox 862 1600 1030 1654; x_wconf 87' lang='lat' dir='ltr'><strong>testamentis</strong></span> <span class='ocrx_word' id='word_1_116' title='bbox 1046 1597 1092 1653; x_wconf 94' lang='lat' dir='ltr'><strong>ad·</strong></span> 
     </span>
     <span class='ocr_line' id='line_1_17' title="bbox 132 1682 1091 1758; baseline -0.003 -19"><span class='ocrx_word' id='word_1_117' title='bbox 132 1682 263 1744; x_wconf 83' lang='lat' dir='ltr'><strong>hibenda,</strong></span> <span class='ocrx_word' id='word_1_118' title='bbox 285 1700 365 1756; x_wconf 89' lang='lat' dir='ltr'><strong>quarn</strong></span> <span class='ocrx_word' id='word_1_119' title='bbox 380 1685 448 1740; x_wconf 90' lang='lat' dir='ltr'><strong>etin</strong></span> <span class='ocrx_word' id='word_1_120' title='bbox 464 1685 630 1740; x_wconf 87' lang='lat' dir='ltr'><strong>testamentis</strong></span> <span class='ocrx_word' id='word_1_121' title='bbox 645 1700 811 1758; x_wconf 83' lang='lat' dir='ltr'><strong>paganorum</strong></span> <span class='ocrx_word' id='word_1_122' title='bbox 831 1684 951 1756; x_wconf 88' lang='lat' dir='ltr'><strong>proxime</strong></span> <span class='ocrx_word' id='word_1_123' title='bbox 966 1683 1091 1756; x_wconf 86' lang='lat' dir='ltr'><strong>exposui-</strong></span> 
     </span>
     <span class='ocr_line' id='line_1_18' title="bbox 132 1759 1123 1826; baseline 0.003 -4"><span class='ocrx_word' id='word_1_124' title='bbox 132 1782 204 1826; x_wconf 88' lang='lat' dir='ltr'><strong>mus.</strong></span> <span class='ocrx_word' id='word_1_125' title='bbox 241 1759 339 1823; x_wconf 67' lang='lat' dir='ltr'><strong>triane</strong></span> <span class='ocrx_word' id='word_1_126' title='bbox 361 1767 395 1823; x_wconf 90' lang='lat' dir='ltr'><strong>de</strong></span> <span class='ocrx_word' id='word_1_127' title='bbox 417 1767 530 1824; x_wconf 90' lang='lat' dir='ltr'><strong>militum</strong></span> <span class='ocrx_word' id='word_1_128' title='bbox 554 1770 721 1824; x_wconf 89' lang='lat' dir='ltr'><strong>testamentis</strong></span> <span class='ocrx_word' id='word_1_129' title='bbox 742 1769 819 1824; x_wconf 91' lang='lat' dir='ltr'><strong>divus</strong></span> <span class='ocrx_word' id='word_1_130' title='bbox 834 1767 963 1823; x_wconf 87' lang='lat' dir='ltr'><strong>’lraiauus</strong></span> <span class='ocrx_word' id='word_1_131' title='bbox 984 1765 1090 1822; x_wconf 89' lang='lat' dir='ltr'><strong>Statilio</strong></span> <span class='ocrx_word' id='word_1_132' title='bbox 1110 1776 1123 1825; x_wconf 83' lang='lat'>1</span> 
     </span>
     <span class='ocr_line' id='line_1_19' title="bbox 133 1848 1090 1926; baseline -0.002 -20"><span class='ocrx_word' id='word_1_133' title='bbox 133 1850 234 1906; x_wconf 89' lang='lat' dir='ltr'><strong>Severo</strong></span> <span class='ocrx_word' id='word_1_134' title='bbox 250 1851 286 1906; x_wconf 89' lang='lat' dir='ltr'><strong>ita</strong></span> <span class='ocrx_word' id='word_1_135' title='bbox 301 1853 452 1924; x_wconf 82' lang='lat' dir='ltr'><strong>rescripsit:</strong></span> <span class='ocrx_word' id='word_1_136' title='bbox 474 1848 514 1907; x_wconf 80' lang='lat' dir='ltr'><strong>‘ld</strong></span> <span class='ocrx_word' id='word_1_137' title='bbox 529 1852 707 1926; x_wconf 80' lang='lat' dir='ltr'><strong>privilegium,</strong></span> <span class='ocrx_word' id='word_1_138' title='bbox 722 1852 795 1925; x_wconf 92' lang='lat' dir='ltr'><strong>quod</strong></span> <span class='ocrx_word' id='word_1_139' title='bbox 811 1850 982 1907; x_wconf 88' lang='lat' dir='ltr'><strong>militantibus</strong></span> <span class='ocrx_word' id='word_1_140' title='bbox 998 1850 1090 1905; x_wconf 84' lang='lat' dir='ltr'><strong>dutum</strong></span> 
     </span>
     <span class='ocr_line' id='line_1_20' title="bbox 133 1935 1092 2008; baseline -0.003 -17"><span class='ocrx_word' id='word_1_141' title='bbox 133 1942 193 2005; x_wconf 91' lang='lat' dir='ltr'><strong>est,</strong></span> <span class='ocrx_word' id='word_1_142' title='bbox 213 1941 243 1989; x_wconf 90' lang='lat' dir='ltr'><strong>ut</strong></span> <span class='ocrx_word' id='word_1_143' title='bbox 259 1951 368 2008; x_wconf 87' lang='lat' dir='ltr'><strong>quoquo</strong></span> <span class='ocrx_word' id='word_1_144' title='bbox 384 1935 464 1990; x_wconf 92' lang='lat' dir='ltr'><strong>modo</strong></span> <span class='ocrx_word' id='word_1_145' title='bbox 479 1935 548 1991; x_wconf 85' lang='lat' dir='ltr'><strong>iaetu</strong></span> <span class='ocrx_word' id='word_1_146' title='bbox 564 1935 595 1991; x_wconf 88' lang='lat' dir='ltr'><strong>ab</strong></span> <span class='ocrx_word' id='word_1_147' title='bbox 610 1936 651 1990; x_wconf 93' lang='lat' dir='ltr'><strong>bis</strong></span> <span class='ocrx_word' id='word_1_148' title='bbox 667 1944 826 1992; x_wconf 89' lang='lat' dir='ltr'><strong>testamenta</strong></span> <span class='ocrx_word' id='word_1_149' title='bbox 840 1943 896 1991; x_wconf 90' lang='lat' dir='ltr'><strong>rata</strong></span> <span class='ocrx_word' id='word_1_150' title='bbox 910 1936 983 2007; x_wconf 91' lang='lat' dir='ltr'><strong>sint,</strong></span> <span class='ocrx_word' id='word_1_151' title='bbox 997 1935 1036 1989; x_wconf 89' lang='lat' dir='ltr'><strong>sie</strong></span> <span class='ocrx_word' id='word_1_152' title='bbox 1052 1935 1092 1989; x_wconf 91' lang='lat' dir='ltr'><strong>in·</strong></span> 
     </span>
     <span class='ocr_line' id='line_1_21' title="bbox 135 2016 1091 2095; baseline -0.004 -21"><span class='ocrx_word' id='word_1_153' title='bbox 135 2016 229 2090; x_wconf 82' lang='lat' dir='ltr'><strong>tellegi</strong></span> <span class='ocrx_word' id='word_1_154' title='bbox 251 2017 345 2088; x_wconf 91' lang='lat' dir='ltr'><strong>debet,</strong></span> <span class='ocrx_word' id='word_1_155' title='bbox 368 2027 399 2074; x_wconf 90' lang='lat' dir='ltr'><strong>ut</strong></span> <span class='ocrx_word' id='word_1_156' title='bbox 420 2020 514 2092; x_wconf 89' lang='lat' dir='ltr'><strong>utique</strong></span> <span class='ocrx_word' id='word_1_157' title='bbox 529 2021 604 2092; x_wconf 90' lang='lat' dir='ltr'><strong>prius</strong></span> <span class='ocrx_word' id='word_1_158' title='bbox 624 2029 748 2075; x_wconf 87' lang='lat' dir='ltr'><strong>constare</strong></span> <span class='ocrx_word' id='word_1_159' title='bbox 766 2018 878 2095; x_wconf 84' lang='lat' dir='ltr'><strong>debeat,</strong></span> <span class='ocrx_word' id='word_1_160' title='bbox 900 2027 1091 2074; x_wconf 88' lang='lat' dir='ltr'><strong>testamentum</strong></span> 
     </span>
     <span class='ocr_line' id='line_1_22' title="bbox 133 2101 1092 2176; baseline -0.002 -20"><span class='ocrx_word' id='word_1_161' title='bbox 133 2101 236 2158; x_wconf 85' lang='lat' dir='ltr'><strong>iactum</strong></span> <span class='ocrx_word' id='word_1_162' title='bbox 251 2117 327 2172; x_wconf 88' lang='lat' dir='ltr'><strong>esse,</strong></span> <span class='ocrx_word' id='word_1_163' title='bbox 343 2102 415 2174; x_wconf 89' lang='lat' dir='ltr'><strong>quod</strong></span> <span class='ocrx_word' id='word_1_164' title='bbox 432 2111 459 2158; x_wconf 90' lang='lat' dir='ltr'><strong>et</strong></span> <span class='ocrx_word' id='word_1_165' title='bbox 473 2105 530 2158; x_wconf 89' lang='lat' dir='ltr'><strong>sine</strong></span> <span class='ocrx_word' id='word_1_166' title='bbox 546 2105 679 2176; x_wconf 86' lang='lat' dir='ltr'><strong>scriptura</strong></span> <span class='ocrx_word' id='word_1_167' title='bbox 694 2119 708 2157; x_wconf 93' lang='lat' dir='ltr'><strong>a</strong></span> <span class='ocrx_word' id='word_1_168' title='bbox 723 2119 778 2158; x_wconf 91' lang='lat' dir='ltr'><strong>non</strong></span> <span class='ocrx_word' id='word_1_169' title='bbox 793 2101 967 2158; x_wconf 89' lang='lat' dir='ltr'><strong>militantibus</strong></span> <span class='ocrx_word' id='word_1_170' title='bbox 983 2115 1092 2172; x_wconf 89' lang='lat' dir='ltr'><strong>quoque</strong></span> 
     </span>
     <span class='ocr_line' id='line_1_23' title="bbox 134 2184 1091 2260; baseline -0.002 -20"><span class='ocrx_word' id='word_1_171' title='bbox 134 2185 194 2242; x_wconf 87' lang='lat' dir='ltr'><strong>iieri</strong></span> <span class='ocrx_word' id='word_1_172' title='bbox 216 2192 317 2258; x_wconf 88' lang='lat' dir='ltr'><strong>potest.</strong></span> <span class='ocrx_word' id='word_1_173' title='bbox 346 2188 449 2260; x_wconf 75' lang='lat' dir='ltr'><strong>iserge</strong></span> <span class='ocrx_word' id='word_1_174' title='bbox 465 2186 557 2257; x_wconf 90' lang='lat' dir='ltr'><strong>miles,</strong></span> <span class='ocrx_word' id='word_1_175' title='bbox 579 2186 612 2241; x_wconf 94' lang='lat' dir='ltr'><strong>de</strong></span> <span class='ocrx_word' id='word_1_176' title='bbox 629 2189 706 2242; x_wconf 85' lang='lat' dir='ltr'><strong>euius</strong></span> <span class='ocrx_word' id='word_1_177' title='bbox 720 2184 796 2241; x_wconf 92' lang='lat' dir='ltr'><strong>bonis</strong></span> <span class='ocrx_word' id='word_1_178' title='bbox 815 2185 885 2258; x_wconf 88' lang='lat' dir='ltr'><strong>apud</strong></span> <span class='ocrx_word' id='word_1_179' title='bbox 901 2194 927 2240; x_wconf 91' lang='lat' dir='ltr'><strong>te</strong></span> <span class='ocrx_word' id='word_1_180' title='bbox 942 2185 1091 2258; x_wconf 87' lang='lat' dir='ltr'><strong>quaeritur,</strong></span> 
     </span>
     <span class='ocr_line' id='line_1_24' title="bbox 134 2269 1089 2343; baseline -0.002 -18"><span class='ocrx_word' id='word_1_181' title='bbox 134 2272 157 2326; x_wconf 89' lang='lat' dir='ltr'><strong>si</strong></span> <span class='ocrx_word' id='word_1_182' title='bbox 174 2271 327 2325; x_wconf 80' lang='lat' dir='ltr'><strong>convocatis</strong></span> <span class='ocrx_word' id='word_1_183' title='bbox 337 2270 369 2324; x_wconf 94' lang='lat' dir='ltr'><strong>ad</strong></span> <span class='ocrx_word' id='word_1_184' title='bbox 381 2270 432 2326; x_wconf 91' lang='lat' dir='ltr'><strong>boo</strong></span> <span class='ocrx_word' id='word_1_185' title='bbox 445 2269 609 2341; x_wconf 89' lang='lat' dir='ltr'><strong>bominibus,</strong></span> <span class='ocrx_word' id='word_1_186' title='bbox 625 2279 655 2324; x_wconf 93' lang='lat' dir='ltr'><strong>ut</strong></span> <span class='ocrx_word' id='word_1_187' title='bbox 668 2269 831 2325; x_wconf 88' lang='lat' dir='ltr'><strong>voluntatem</strong></span> <span class='ocrx_word' id='word_1_188' title='bbox 843 2285 918 2324; x_wconf 88' lang='lat' dir='ltr'><strong>suam</strong></span> <span class='ocrx_word' id='word_1_189' title='bbox 933 2277 1089 2343; x_wconf 88' lang='lat' dir='ltr'><strong>testaretur,</strong></span> 
     </span>
     <span class='ocr_line' id='line_1_25' title="bbox 134 2351 1091 2426; baseline -0.003 -15"><span class='ocrx_word' id='word_1_190' title='bbox 134 2357 174 2411; x_wconf 85' lang='lat' dir='ltr'><strong>ita</strong></span> <span class='ocrx_word' id='word_1_191' title='bbox 188 2353 296 2408; x_wconf 85' lang='lat' dir='ltr'><strong>loeutus</strong></span> <span class='ocrx_word' id='word_1_192' title='bbox 312 2363 367 2424; x_wconf 88' lang='lat' dir='ltr'><strong>est,</strong></span> <span class='ocrx_word' id='word_1_193' title='bbox 391 2362 421 2409; x_wconf 93' lang='lat' dir='ltr'><strong>ut</strong></span> <span class='ocrx_word' id='word_1_194' title='bbox 442 2353 603 2425; x_wconf 83' lang='lat' dir='ltr'><strong>declararet,</strong></span> <span class='ocrx_word' id='word_1_195' title='bbox 627 2370 707 2426; x_wconf 89' lang='lat' dir='ltr'><strong>quem</strong></span> <span class='ocrx_word' id='word_1_196' title='bbox 721 2353 803 2410; x_wconf 89' lang='lat' dir='ltr'><strong>vellet</strong></span> <span class='ocrx_word' id='word_1_197' title='bbox 824 2353 875 2410; x_wconf 93' lang='lat' dir='ltr'><strong>sibi</strong></span> <span class='ocrx_word' id='word_1_198' title='bbox 890 2369 949 2408; x_wconf 88' lang='lat' dir='ltr'><strong>esse</strong></span> <span class='ocrx_word' id='word_1_199' title='bbox 964 2351 1091 2408; x_wconf 91' lang='lat' dir='ltr'><strong>heredem</strong></span> 
     </span>
     <span class='ocr_line' id='line_1_26' title="bbox 134 2436 1092 2511; baseline -0.003 -17"><span class='ocrx_word' id='word_1_200' title='bbox 134 2445 164 2494; x_wconf 93' lang='lat' dir='ltr'><strong>et</strong></span> <span class='ocrx_word' id='word_1_201' title='bbox 179 2437 222 2492; x_wconf 90' lang='lat' dir='ltr'><strong>oui</strong></span> <span class='ocrx_word' id='word_1_202' title='bbox 237 2436 386 2493; x_wconf 88' lang='lat' dir='ltr'><strong>libertatem</strong></span> <span class='ocrx_word' id='word_1_203' title='bbox 402 2436 535 2506; x_wconf 89' lang='lat' dir='ltr'><strong>tribuere,</strong></span> <span class='ocrx_word' id='word_1_204' title='bbox 549 2445 641 2511; x_wconf 89' lang='lat' dir='ltr'><strong>potest</strong></span> <span class='ocrx_word' id='word_1_205' title='bbox 655 2436 739 2494; x_wconf 86' lang='lat' dir='ltr'><strong>videri</strong></span> <span class='ocrx_word' id='word_1_206' title='bbox 753 2439 810 2493; x_wconf 88' lang='lat' dir='ltr'><strong>sine</strong></span> <span class='ocrx_word' id='word_1_207' title='bbox 826 2440 928 2511; x_wconf 83' lang='lat' dir='ltr'><strong>scripto</strong></span> <span class='ocrx_word' id='word_1_208' title='bbox 943 2437 995 2492; x_wconf 90' lang='lat' dir='ltr'><strong>boo</strong></span> <span class='ocrx_word' id='word_1_209' title='bbox 1010 2436 1092 2492; x_wconf 91' lang='lat' dir='ltr'><strong>modo</strong></span> 
     </span>
     <span class='ocr_line' id='line_1_27' title="bbox 134 2521 1092 2592; baseline -0.003 -14"><span class='ocrx_word' id='word_1_210' title='bbox 134 2537 196 2578; x_wconf 89' lang='lat' dir='ltr'><strong>esse</strong></span> <span class='ocrx_word' id='word_1_211' title='bbox 212 2525 326 2577; x_wconf 87' lang='lat' dir='ltr'><strong>testatus</strong></span> <span class='ocrx_word' id='word_1_212' title='bbox 341 2531 368 2577; x_wconf 91' lang='lat' dir='ltr'><strong>et</strong></span> <span class='ocrx_word' id='word_1_213' title='bbox 382 2521 506 2578; x_wconf 89' lang='lat' dir='ltr'><strong>voluntas</strong></span> <span class='ocrx_word' id='word_1_214' title='bbox 519 2523 576 2577; x_wconf 92' lang='lat' dir='ltr'><strong>eius</strong></span> <span class='ocrx_word' id='word_1_215' title='bbox 591 2531 648 2578; x_wconf 90' lang='lat' dir='ltr'><strong>rata</strong></span> <span class='ocrx_word' id='word_1_216' title='bbox 663 2521 781 2577; x_wconf 86' lang='lat' dir='ltr'><strong>habenda</strong></span> <span class='ocrx_word' id='word_1_217' title='bbox 796 2529 847 2578; x_wconf 90' lang='lat' dir='ltr'><strong>est.</strong></span> <span class='ocrx_word' id='word_1_218' title='bbox 877 2531 996 2578; x_wconf 83' lang='lat' dir='ltr'><strong>ceterum</strong></span> <span class='ocrx_word' id='word_1_219' title='bbox 1012 2521 1045 2592; x_wconf 88' lang='lat' dir='ltr'><strong>si,</strong></span> <span class='ocrx_word' id='word_1_220' title='bbox 1061 2528 1092 2576; x_wconf 90' lang='lat' dir='ltr'><strong>ut</strong></span> 
     </span>
     <span class='ocr_line' id='line_1_28' title="bbox 133 2604 1091 2679; baseline 0 -19"><span class='ocrx_word' id='word_1_221' title='bbox 133 2605 295 2679; x_wconf 88' lang='lat' dir='ltr'><strong>plerumque</strong></span> <span class='ocrx_word' id='word_1_222' title='bbox 309 2605 477 2661; x_wconf 89' lang='lat' dir='ltr'><strong>sermonibus</strong></span> <span class='ocrx_word' id='word_1_223' title='bbox 493 2604 550 2662; x_wconf 87' lang='lat' dir='ltr'><strong>lieri</strong></span> <span class='ocrx_word' id='word_1_224' title='bbox 564 2606 644 2677; x_wconf 90' lang='lat' dir='ltr'><strong>solet,</strong></span> <span class='ocrx_word' id='word_1_225' title='bbox 666 2605 733 2661; x_wconf 78' lang='lat' dir='ltr'><strong>dixit</strong></span> <span class='ocrx_word' id='word_1_226' title='bbox 748 2607 839 2662; x_wconf 90' lang='lat' dir='ltr'><strong>alieni:</strong></span> <span class='ocrx_word' id='word_1_227' title='bbox 862 2621 925 2662; x_wconf 82' lang='lat' dir='ltr'><strong>noo</strong></span> <span class='ocrx_word' id='word_1_228' title='bbox 941 2623 980 2662; x_wconf 84' lang='lat' dir='ltr'><strong>ru</strong></span> <span class='ocrx_word' id='word_1_229' title='bbox 994 2621 1091 2661; x_wconf 79' lang='lat' dir='ltr'><strong>annn-</strong></span> 
     </span>
     <span class='ocr_line' id='line_1_29' title="bbox 133 2689 1092 2762; baseline -0.001 -18"><span class='ocrx_word' id='word_1_230' title='bbox 133 2705 201 2746; x_wconf 80' lang='lat' dir='ltr'><strong>nnu</strong></span> <span class='ocrx_word' id='word_1_231' title='bbox 214 2703 309 2745; x_wconf 79' lang='lat' dir='ltr'><strong>namo</strong></span> <span class='ocrx_word' id='word_1_232' title='bbox 325 2698 370 2744; x_wconf 86' lang='lat' dir='ltr'><strong>aut</strong></span> <span class='ocrx_word' id='word_1_233' title='bbox 384 2706 450 2746; x_wconf 80' lang='lat' dir='ltr'><strong>ram</strong></span> <span class='ocrx_word' id='word_1_234' title='bbox 463 2705 545 2747; x_wconf 80' lang='lat' dir='ltr'><strong>nona</strong></span> <span class='ocrx_word' id='word_1_235' title='bbox 560 2706 623 2747; x_wconf 81' lang='lat' dir='ltr'><strong>una</strong></span> <span class='ocrx_word' id='word_1_236' title='bbox 638 2706 815 2761; x_wconf 80' lang='lat' dir='ltr'><strong>nnnrnouo,</strong></span> <span class='ocrx_word' id='word_1_237' title='bbox 836 2706 891 2745; x_wconf 94' lang='lat' dir='ltr'><strong>non</strong></span> <span class='ocrx_word' id='word_1_238' title='bbox 911 2696 1020 2762; x_wconf 89' lang='lat' dir='ltr'><strong>oportet</strong></span> <span class='ocrx_word' id='word_1_239' title='bbox 1039 2689 1092 2743; x_wconf 87' lang='lat' dir='ltr'><strong>boe</strong></span> 
     </span>
     <span class='ocr_line' id='line_1_30' title="bbox 133 2773 1090 2846; baseline -0.004 -18"><span class='ocrx_word' id='word_1_240' title='bbox 133 2789 186 2846; x_wconf 89' lang='lat' dir='ltr'><strong>pro</strong></span> <span class='ocrx_word' id='word_1_241' title='bbox 207 2779 368 2828; x_wconf 89' lang='lat' dir='ltr'><strong>testamento</strong></span> <span class='ocrx_word' id='word_1_242' title='bbox 392 2773 536 2830; x_wconf 86' lang='lat' dir='ltr'><strong>observari.</strong></span> <span class='ocrx_word' id='word_1_243' title='bbox 573 2790 622 2829; x_wconf 87' lang='lat' dir='ltr'><strong>nee</strong></span> <span class='ocrx_word' id='word_1_244' title='bbox 638 2773 754 2829; x_wconf 92' lang='lat' dir='ltr'><strong>ullorum</strong></span> <span class='ocrx_word' id='word_1_245' title='bbox 777 2774 860 2845; x_wconf 84' lang='lat' dir='ltr'><strong>magis</strong></span> <span class='ocrx_word' id='word_1_246' title='bbox 875 2774 989 2828; x_wconf 88' lang='lat' dir='ltr'><strong>interest</strong></span> <span class='ocrx_word' id='word_1_247' title='bbox 1010 2787 1090 2843; x_wconf 90' lang='lat' dir='ltr'><strong>quam</strong></span> 
     </span>
     <span class='ocr_line' id='line_1_31' title="bbox 133 2855 1091 2931; baseline -0.002 -19"><span class='ocrx_word' id='word_1_248' title='bbox 133 2858 266 2931; x_wconf 91' lang='lat' dir='ltr'><strong>ipsorum,</strong></span> <span class='ocrx_word' id='word_1_249' title='bbox 283 2855 379 2929; x_wconf 88' lang='lat' dir='ltr'><strong>quibus</strong></span> <span class='ocrx_word' id='word_1_250' title='bbox 394 2857 421 2912; x_wconf 92' lang='lat' dir='ltr'><strong>id</strong></span> <span class='ocrx_word' id='word_1_251' title='bbox 436 2858 605 2931; x_wconf 81' lang='lat' dir='ltr'><strong>privilegium</strong></span> <span class='ocrx_word' id='word_1_252' title='bbox 618 2857 708 2913; x_wconf 90' lang='lat' dir='ltr'><strong>datum</strong></span> <span class='ocrx_word' id='word_1_253' title='bbox 724 2865 777 2928; x_wconf 89' lang='lat' dir='ltr'><strong>est,</strong></span> <span class='ocrx_word' id='word_1_254' title='bbox 793 2856 924 2911; x_wconf 90' lang='lat' dir='ltr'><strong>eiusmodi</strong></span> <span class='ocrx_word' id='word_1_255' title='bbox 940 2855 1091 2927; x_wconf 90' lang='lat' dir='ltr'><strong>exemplum</strong></span> 
     </span>
     <span class='ocr_line' id='line_1_32' title="bbox 133 2938 1090 3014; baseline -0.004 -16"><span class='ocrx_word' id='word_1_256' title='bbox 133 2956 190 2998; x_wconf 89' lang='lat' dir='ltr'><strong>nou</strong></span> <span class='ocrx_word' id='word_1_257' title='bbox 206 2939 324 2996; x_wconf 88' lang='lat' dir='ltr'><strong>admitti:</strong></span> <span class='ocrx_word' id='word_1_258' title='bbox 345 2940 464 3014; x_wconf 80' lang='lat' dir='ltr'><strong>alioquin</strong></span> <span class='ocrx_word' id='word_1_259' title='bbox 478 2957 534 2998; x_wconf 90' lang='lat' dir='ltr'><strong>nou</strong></span> <span class='ocrx_word' id='word_1_260' title='bbox 548 2940 693 2997; x_wconf 77' lang='lat' dir='ltr'><strong>difficulter</strong></span> <span class='ocrx_word' id='word_1_261' title='bbox 707 2948 899 3014; x_wconf 84' lang='lat' dir='ltr'><strong>postmortem</strong></span> <span class='ocrx_word' id='word_1_262' title='bbox 915 2938 1027 2994; x_wconf 87' lang='lat' dir='ltr'><strong>alieuius</strong></span> <span class='ocrx_word' id='word_1_263' title='bbox 1041 2940 1090 2994; x_wconf 93' lang='lat' dir='ltr'><strong>mi·</strong></span> 
     </span>
    </p>
   </div>
   <div class='ocr_carea' id='block_1_4' title="bbox 130 3184 1090 3521">
    <p class='ocr_par' dir='ltr' id='par_1_4' title="bbox 130 3184 1090 3521">
     <span class='ocr_line' id='line_1_33' title="bbox 203 3184 1089 3250; baseline -0.003 -12"><span class='ocrx_word' id='word_1_264' title='bbox 203 3184 612 3250; x_wconf 61' lang='grc' dir='ltr'><strong>1)ἰπιί.1*ενθ--;(ἲαί.2,109.</strong></span> <span class='ocrx_word' id='word_1_265' title='bbox 681 3186 701 3250; x_wconf 78' lang='lat'><strong>²)</strong></span> <span class='ocrx_word' id='word_1_266' title='bbox 722 3189 752 3239; x_wconf 82' lang='lat' dir='ltr'><strong>L.</strong></span> <span class='ocrx_word' id='word_1_267' title='bbox 772 3189 812 3238; x_wconf 84' lang='grc'><strong>17.</strong></span> <span class='ocrx_word' id='word_1_268' title='bbox 831 3187 858 3238; x_wconf 84' lang='grc'><strong>0,</strong></span> <span class='ocrx_word' id='word_1_269' title='bbox 876 3189 908 3237; x_wconf 81' lang='lat' dir='ltr'><strong>de</strong></span> <span class='ocrx_word' id='word_1_270' title='bbox 927 3193 1022 3238; x_wconf 85' lang='lat' dir='ltr'><strong>testam.</strong></span> <span class='ocrx_word' id='word_1_271' title='bbox 1039 3188 1089 3236; x_wconf 85' lang='lat' dir='ltr'><strong>mil.</strong></span> 
     </span>
     <span class='ocr_line' id='line_1_34' title="bbox 132 3253 1090 3322; baseline -0.002 -16"><span class='ocrx_word' id='word_1_272' title='bbox 132 3253 171 3322; x_wconf 81' lang='lat'><strong>(6,</strong></span> <span class='ocrx_word' id='word_1_273' title='bbox 190 3253 242 3318; x_wconf 78' lang='lat'>21).</span> <span class='ocrx_word' id='word_1_274' title='bbox 323 3255 344 3319; x_wconf 83' lang='lat'><strong>⁸)</strong></span> <span class='ocrx_word' id='word_1_275' title='bbox 362 3257 400 3304; x_wconf 83' lang='lat' dir='ltr'><strong>aie</strong></span> <span class='ocrx_word' id='word_1_276' title='bbox 417 3253 442 3303; x_wconf 88' lang='lat' dir='ltr'><em>B</em></span> <span class='ocrx_word' id='word_1_277' title='bbox 463 3255 574 3319; x_wconf 80' lang='lat' dir='ltr'><strong>Tbeopb.</strong></span> <span class='ocrx_word' id='word_1_278' title='bbox 595 3257 650 3306; x_wconf 81' lang='lat' dir='ltr'><strong>ooli.</strong></span> <span class='ocrx_word' id='word_1_279' title='bbox 673 3257 761 3320; x_wconf 77' lang='lat' dir='ltr'><strong>Vspet.</strong></span> <span class='ocrx_word' id='word_1_280' title='bbox 780 3258 812 3306; x_wconf 86' lang='lat' dir='ltr'><strong>de</strong></span> <span class='ocrx_word' id='word_1_281' title='bbox 829 3271 859 3305; x_wconf 83' lang='lat' dir='ltr'><strong>re</strong></span> <span class='ocrx_word' id='word_1_282' title='bbox 877 3256 925 3304; x_wconf 81' lang='lat' dir='ltr'><strong>mit.</strong></span> <span class='ocrx_word' id='word_1_283' title='bbox 944 3258 973 3317; x_wconf 87' lang='grc'><strong>3,</strong></span> <span class='ocrx_word' id='word_1_284' title='bbox 991 3256 1015 3304; x_wconf 84' lang='lat'><strong>4.</strong></span> <span class='ocrx_word' id='word_1_285' title='bbox 1034 3253 1090 3304; x_wconf 86' lang='lat' dir='ltr'><strong>edi-</strong></span> 
     </span>
     <span class='ocr_line' id='line_1_35' title="bbox 130 3322 1088 3388; baseline 0.002 -15"><span class='ocrx_word' id='word_1_286' title='bbox 130 3325 186 3374; x_wconf 88' lang='lat' dir='ltr'><strong>bus</strong></span> <span class='ocrx_word' id='word_1_287' title='bbox 208 3322 262 3384; x_wconf 81' lang='lat' dir='ltr'><strong>TO‚</strong></span> <span class='ocrx_word' id='word_1_288' title='bbox 286 3325 354 3388; x_wconf 78' lang='lat' dir='ltr'><strong>quod</strong></span> <span class='ocrx_word' id='word_1_289' title='bbox 370 3325 452 3373; x_wconf 82' lang='lat' dir='ltr'><strong>uitium</strong></span> <span class='ocrx_word' id='word_1_290' title='bbox 469 3324 543 3371; x_wconf 82' lang='lat' dir='ltr'><strong>etiam</strong></span> <span class='ocrx_word' id='word_1_291' title='bbox 565 3324 670 3385; x_wconf 71' lang='lat' dir='ltr'><strong>irrepsit</strong></span> <span class='ocrx_word' id='word_1_292' title='bbox 687 3325 713 3372; x_wconf 82' lang='lat' dir='ltr'><strong>in</strong></span> <span class='ocrx_word' id='word_1_293' title='bbox 731 3322 762 3372; x_wconf 82' lang='lat' dir='ltr'><strong>L.</strong></span> <span class='ocrx_word' id='word_1_294' title='bbox 782 3325 825 3373; x_wconf 84' lang='lat' dir='ltr'><strong>ult.</strong></span> <span class='ocrx_word' id='word_1_295' title='bbox 844 3322 871 3372; x_wconf 81' lang='lat' dir='ltr'><strong>G.</strong></span> <span class='ocrx_word' id='word_1_296' title='bbox 890 3324 921 3372; x_wconf 89' lang='lat' dir='ltr'><strong>de</strong></span> <span class='ocrx_word' id='word_1_297' title='bbox 938 3323 1020 3372; x_wconf 84' lang='lat' dir='ltr'><strong>restit.</strong></span> <span class='ocrx_word' id='word_1_298' title='bbox 1038 3323 1088 3375; x_wconf 80' lang='lat' dir='ltr'><strong>mil.</strong></span> 
     </span>
     <span class='ocr_line' id='line_1_36' title="bbox 132 3387 1089 3455; baseline -0.002 -15"><span class='ocrx_word' id='word_1_299' title='bbox 132 3389 170 3455; x_wconf 81' lang='lat'><strong>(2,</strong></span> <span class='ocrx_word' id='word_1_300' title='bbox 189 3390 233 3451; x_wconf 79' lang='lat'><strong>51)</strong></span> <span class='ocrx_word' id='word_1_301' title='bbox 252 3391 283 3443; x_wconf 86' lang='lat' dir='ltr'><strong>L.</strong></span> <span class='ocrx_word' id='word_1_302' title='bbox 301 3394 345 3440; x_wconf 84' lang='lat' dir='ltr'><strong>ult.</strong></span> <span class='ocrx_word' id='word_1_303' title='bbox 362 3389 390 3440; x_wconf 86' lang='lat'><strong>0.</strong></span> <span class='ocrx_word' id='word_1_304' title='bbox 411 3391 477 3455; x_wconf 83' lang='lat' dir='ltr'><strong>qnid.</strong></span> <span class='ocrx_word' id='word_1_305' title='bbox 496 3407 520 3439; x_wconf 83' lang='lat' dir='ltr'><strong>a.</strong></span> <span class='ocrx_word' id='word_1_306' title='bbox 539 3390 610 3440; x_wconf 77' lang='lat' dir='ltr'><strong>obite.</strong></span> <span class='ocrx_word' id='word_1_307' title='bbox 630 3394 647 3442; x_wconf 87' lang='lat' dir='ltr'><strong>l.</strong></span> <span class='ocrx_word' id='word_1_308' title='bbox 666 3397 683 3440; x_wconf 88' lang='lat' dir='ltr'><strong>t.</strong></span> <span class='ocrx_word' id='word_1_309' title='bbox 703 3387 739 3454; x_wconf 77' lang='lat'><strong>(⁷,</strong></span> <span class='ocrx_word' id='word_1_310' title='bbox 753 3387 806 3452; x_wconf 79' lang='lat'>35).</span> <span class='ocrx_word' id='word_1_311' title='bbox 875 3387 897 3453; x_wconf 81' lang='lat'><strong>⁴)</strong></span> <span class='ocrx_word' id='word_1_312' title='bbox 910 3409 943 3431; x_wconf 75' lang='grc' dir='ltr'><strong>ε-</strong></span> <span class='ocrx_word' id='word_1_313' title='bbox 955 3390 988 3439; x_wconf 83' lang='lat' dir='ltr'><strong>L.</strong></span> <span class='ocrx_word' id='word_1_314' title='bbox 1002 3391 1043 3440; x_wconf 82' lang='lat'><strong>24.</strong></span> <span class='ocrx_word' id='word_1_315' title='bbox 1055 3390 1089 3439; x_wconf 90' lang='lat' dir='ltr'><strong>D.</strong></span> 
     </span>
     <span class='ocr_line' id='line_1_37' title="bbox 131 3456 861 3521; baseline -0.007 -11"><span class='ocrx_word' id='word_1_316' title='bbox 131 3461 165 3510; x_wconf 83' lang='lat' dir='ltr'><strong>de</strong></span> <span class='ocrx_word' id='word_1_317' title='bbox 183 3458 233 3508; x_wconf 85' lang='lat' dir='ltr'><strong>mil.</strong></span> <span class='ocrx_word' id='word_1_318' title='bbox 250 3464 347 3508; x_wconf 78' lang='lat' dir='ltr'><strong>testans.</strong></span> <span class='ocrx_word' id='word_1_319' title='bbox 365 3456 422 3521; x_wconf 82' lang='lat'><strong>(29,</strong></span> <span class='ocrx_word' id='word_1_320' title='bbox 442 3457 467 3521; x_wconf 90' lang='lat'><strong>1)</strong></span> <span class='ocrx_word' id='word_1_321' title='bbox 486 3471 521 3508; x_wconf 78' lang='lat' dir='ltr'><strong>ere</strong></span> <span class='ocrx_word' id='word_1_322' title='bbox 537 3457 680 3508; x_wconf 71' lang='lat' dir='ltr'><strong>Florentino·</strong></span> <span class='ocrx_word' id='word_1_323' title='bbox 696 3461 712 3508; x_wconf 85' lang='lat' dir='ltr'><strong>l.</strong></span> <span class='ocrx_word' id='word_1_324' title='bbox 734 3458 861 3508; x_wconf 68' lang='lat' dir='ltr'><strong>tornetas.</strong></span> 
     </span>
    </p>
   </div>
   <div class='ocr_carea' id='block_1_5' title="bbox 0 0 1250 3896">
    <p class='ocr_par' dir='ltr' id='par_1_5' title="bbox 0 0 1250 3896">
     <span class='ocr_line' id='line_1_38' title="bbox 0 0 1250 3896; baseline 0 0"><span class='ocrx_word' id='word_1_325' title='bbox 0 0 1250 3896; x_wconf 95' lang='lat' dir='ltr'><strong> </strong></span> 
     </span>
    </p>
   </div>
  </div>
 </body>
</html>
