2500 3890
121 234 183 299 180
257 250 403 294 cuononis
420 251 467 298 so,
485 249 533 292 our
550 250 579 284 1n
597 249 697 284 aurosa
713 249 863 284 rornsrnrn
881 250 937 297 ner,

119 392 152 447 de
167 393 217 448 hac
231 393 335 447 actione
351 399 378 446 et
392 390 425 446 de
441 392 548 462 ceteris,
568 406 635 462 quae
651 389 797 446 eorundem
812 389 921 445 nomine
935 391 962 445 in
976 406 1071 463 paren·

119 483 161 532 tes
176 475 329 531 dominosve
349 473 407 529 dari
427 473 532 544 solent,
554 473 710 548 diligentins
726 473 939 529 admoneamus·
955 483 984 529 et
998 475 1070 546 qula,

119 561 174 622 sive
189 576 249 615 cum
265 559 348 614 servis
363 559 502 631 negotium
518 567 625 631 gestum
644 557 680 612 sit
694 559 749 612 sive
764 573 823 612 cnm
839 558 897 633 his,
920 558 1008 629 quiin
1023 574 1071 629 po·

118 651 218 700 testate
237 642 356 715 parentis
372 649 452 713 sunt,
473 640 530 696 fere
552 640 642 696 eadem
658 643 716 696 iura
731 649 888 711 servantur,
908 657 943 696 ne
957 641 1071 697 verbosa

119 725 165 782 fiat
180 727 336 798 disputatio,
351 725 497 798 dirigamus
512 741 661 780 sermonem
677 727 704 779 in
716 741 858 798 personam
873 726 943 780 servi
959 725 1073 780 domini·

119 826 182 883 que,
197 809 266 864 idem
277 808 440 864 intellecturi
457 808 490 865 de
505 808 595 864 liberis
608 824 717 880 quoqne
734 815 762 863 et
773 807 939 881 parentibus,
955 825 1073 881 quorum

118 894 146 948 in
160 900 295 966 potestate
311 900 384 949 sunt.
415 893 512 948 namsi
528 891 592 966 quid
607 893 633 946 in
650 892 690 947 lris
706 894 816 965 proprie
832 891 1006 964 observetur,
1028 909 1072 948 se-

120 977 232 1050 paratim
248 970 448 1032 ostendemus.1

88 1069 100 1116 1
182 1053 228 1115 ²Si
246 1061 332 1134 igitur
344 1061 420 1114 iussu
435 1059 534 1115 domini
554 1077 615 1116 cum
630 1075 708 1114 servo
730 1060 870 1133 negotium
886 1067 994 1131 gestum
1009 1060 1071 1130 erit,

119 1143 282 1199 insolidum
312 1150 420 1216 praetor
446 1143 572 1198 adversus
599 1142 735 1198 dominum
762 1144 894 1198 actionem
916 1142 1071 1215 pollicetur,

120 1227 221 1282 seilicet
242 1228 302 1298 quia
323 1227 370 1298 qui
390 1228 427 1281 ita
449 1227 598 1296 contrahit,
626 1223 704 1281 fidem
733 1226 835 1282 domini
857 1227 933 1298 sequi
954 1225 1070 1284 videtur.

86 1322 101 1368 2
119 1309 214 1365 Eadem
235 1311 339 1366 ratione
358 1317 468 1382 praetor
488 1309 553 1364 duas
574 1309 637 1364 alias
654 1309 680 1364 in
696 1309 811 1365 solidum
826 1311 945 1364 actiones
960 1309 1072 1382 pollice·

118 1402 179 1463 tur,
207 1409 318 1466 quarum
340 1393 423 1448 altera
444 1394 617 1463 exercitoria,
646 1393 729 1448 altera
752 1393 885 1447 institoria
908 1392 1070 1465 appellatur.

119 1479 276 1533 exercitoria
297 1484 360 1532 tuno
380 1476 468 1532 locum
488 1476 586 1547 habet,
608 1493 668 1532 cum
689 1475 750 1548 quis
765 1491 871 1531 servum
886 1491 965 1530 snum
985 1477 1072 1548 magi-

119 1569 204 1616 strum
220 1553 311 1616 navis³
330 1561 515 1633 praeposuerit
530 1569 557 1615 et
572 1560 635 1632 quid
650 1576 710 1615 cum
731 1575 763 1615 eo
779 1560 836 1614 eius
852 1561 890 1614 rei
905 1560 1006 1632 gratia,
1028 1561 1073 1615 cni

119 1647 289 1717 praepositus
310 1646 374 1714 erit,
398 1652 565 1699 contractum
585 1644 675 1703 luerit.
719 1642 780 1698 ideo
802 1651 890 1697 autem
914 1643 1074 1698 exercitoria

119 1735 240 1796 vocatur,
256 1728 316 1800 quia
328 1728 461 1782 exercitor
471 1727 619 1799 appellatur
631 1729 665 1798 is,
681 1725 712 1781 ad
724 1743 805 1798 quem
820 1725 983 1782 cottidianus
999 1728 1072 1781 navis

120 1817 248 1882 quaestus
268 1811 395 1882 pertinet.
424 1811 559 1865 institoria
578 1819 642 1865 tnnc
661 1809 750 1865 loonm
765 1810 860 1880 habet,
881 1826 943 1865 cum
958 1811 1018 1881 quis
1033 1819 1073 1865 ta·

119 1893 218 1949 barnae
238 1893 309 1948 forte
328 1900 374 1947 aut
394 1891 502 1949 cuilibet
521 1893 697 1966 negotiationi
717 1909 823 1948 servum
844 1895 1031 1967 praeposuerit
1046 1901 1074 1949 et

120 1977 258 2050 quidemn
280 1993 312 2032 eo
327 1977 383 2031 cius
406 1977 445 2032 rei
460 1991 554 2049 causa,
571 1976 614 2032 eui
630 1977 798 2049 praepositus
813 1979 880 2048 erit,
903 1983 1073 2033 contractum

120 2062 211 2117 luerit.
240 2060 301 2116 ideo
317 2068 406 2116 autem
419 2060 554 2116 institoria
569 2059 728 2132 appellatur,
745 2061 807 2133 quia
822 2062 867 2133 qui
883 2060 1074 2134 negotiationi·

82 2162 109 2208 2³
121 2145 171 2200 bns
180 2152 393 2219 praeponuntur,
408 2144 547 2199 institores
560 2151 697 2199 vocantur.
729 2143 794 2198 lstas
804 2152 892 2200 tamen
907 2144 973 2199 duas
988 2145 1073 2200 actio-

121 2246 168 2284 nes
192 2237 302 2302 praetor
327 2228 415 2283 reddit
436 2235 462 2282 et
483 2227 506 2282 si
526 2226 640 2282 liberum
660 2227 720 2298 quis
742 2228 874 2282 hominem
896 2235 942 2282 aut
957 2227 1074 2283 alienum

121 2328 228 2368 servum
238 2313 297 2366 navi
314 2319 361 2364 aut
374 2309 496 2365 tabernae
509 2319 555 2365 aut
567 2309 675 2365 cuilibet
687 2312 863 2383 negotiationi
875 2313 1074 2384 praeposuerit,

122 2395 223 2452 scilicet
238 2395 298 2466 quia
310 2393 401 2449 eadem
413 2394 554 2464 aequitatis
565 2395 633 2448 ratio
648 2394 727 2449 etiarn
743 2410 774 2449 eo
790 2410 854 2450 casu
869 2394 1073 2451 interveniebat.

88 2495 103 2543 3
121 2477 270 2534 Introduxit
284 2485 312 2532 et
328 2477 403 2532 aliam
419 2479 551 2533 actionem
567 2487 695 2550 praetor,
711 2493 779 2549 quae
794 2477 936 2533 tributaria
951 2487 1075 2549 vocatur,

121 2577 234 2633 namque
255 2561 278 2616 si
299 2576 392 2616 servus
414 2561 441 2615 in
468 2561 594 2634 peculiari
622 2577 726 2631 merce,
751 2561 852 2617 sciente
875 2561 998 2632 domino,
1026 2579 1075 2618 ne-

122 2646 242 2720 gotietur
262 2652 289 2700 et
311 2643 374 2716 quid
399 2660 459 2699 cum
482 2661 514 2700 eo
540 2646 597 2700 eius
618 2646 657 2700 rei
676 2661 753 2700 eausa
768 2653 934 2700 contractum
949 2647 1015 2716 erit,
1037 2647 1078 2701 ita

120 2736 229 2802 praetor
247 2729 289 2784 ius
310 2727 390 2798 dicit,
411 2735 455 2796 ut,
477 2727 606 2800 quidquid
626 2729 652 2782 in
677 2729 718 2783 his
733 2727 864 2784 mercibus
880 2729 931 2783 erit
946 2729 1077 2802 quodque

120 2811 182 2867 inde
197 2819 333 2884 receptum
350 2813 411 2882 erit,
426 2811 453 2866 id
468 2813 539 2866 inter
554 2812 706 2882 dominum,
723 2813 746 2867 si
761 2811 825 2883 quid
841 2813 864 2866 ei
880 2811 1031 2885 debebitur,
1049 2822 1078 2870 et

122 2904 227 2951 ceteros
242 2895 388 2952 creditores
407 2912 457 2969 pro
477 2903 535 2949 rata
550 2896 675 2967 portione
689 2895 873 2953 distribuatur.
903 2903 931 2950 et
945 2897 1007 2969 quia
1022 2899 1078 2971 ipsi

123 2979 231 3035 domino
247 2979 462 3034 distributionem
477 2979 616 3051 permittit,
632 2980 655 3032 si
671 2980 729 3050 quis
745 2995 777 3034 er
787 2979 963 3035 creditoribus
979 2996 1078 3053 quera·

125 3072 182 3139 tur,
203 3065 281 3135 quasi
302 3063 388 3118 miuus
410 3064 434 3118 ei
450 3062 580 3117 tributum
595 3063 646 3131 sit,
670 3079 749 3134 quam
765 3065 932 3136 oportuerit,
958 3063 1028 3119 hane
1051 3066 1080 3120 ei

89 3167 106 3214 4
123 3149 253 3203 actionem
269 3146 466 3217 accommodat,
487 3161 554 3218 quae
576 3145 716 3201 tributoria
731 3146 890 3219 appellatur.
933 3146 1079 3203 Praeterea

191 3355 210 3422 ¹)
229 3351 409 3422 ἐπιδείξομεν
424 3358 534 3423 rteopt.
547 3357 714 3409 ostendimus
727 3361 801 3411 codd.
817 3365 865 3409 oet.
878 3362 918 3409 ed.
931 3359 983 3408 Kr.
1052 3357 1079 3425 ²)

123 3425 161 3484 ἐξ.
181 3426 204 3474 1.
223 3427 282 3472 2=
296 3425 350 3478 Gai.
368 3428 397 3486 4,
415 3428 447 3476 70
463 3434 521 3475 mat.
598 3423 620 3489 ⁸)
638 3425 663 3474 B
685 3425 797 3490 ibeoplt.
817 3426 872 3476 Gai.
895 3426 991 3477 Veron.
1010 3429 1082 3478 navi

130 3491 189 3539 WE
207 3498 232 3540 et
247 3493 363 3556 plerique
380 3493 456 3555 infer.
