2500 3890
172 216 236 281 158
277 233 312 267 nu
325 231 559 279 oanrossroumus,
571 232 644 275 ausu
658 233 693 266 nx
704 232 820 267 nsnrcoo
834 229 993 268 nascamus
1005 217 1055 282 tv,
1069 221 1094 269 1.

75 368 164 437 12(l3)
175 383 283 431 tenetur
297 373 372 428 iurti.
402 371 450 444 Hi,
472 375 518 446 qui
539 373 567 427 in
582 374 733 447 parentium
748 371 788 427 vei
809 372 978 428 dominorum
995 383 1135 447 potestate

172 466 252 528 sunt,
267 459 289 514 si
305 473 361 512 rem
377 457 416 511 eis
431 455 597 531 subripiant,
618 455 720 511 iurtum
736 457 843 529 quidem
858 455 911 511 iliis
924 455 1028 512 iaciunt
1043 467 1071 514 et
1085 473 1134 514 res
1224 449 1225 490 ¹

172 545 200 598 in
216 542 341 596 furtivam
356 556 463 596 eausam
479 539 548 596 cadit
562 555 614 595 nec
629 540 664 596 ob
677 537 706 594 id
721 540 752 594 ab
769 540 824 595 ulio
840 540 951 613 usucapi
967 549 1067 614 potest,
1082 557 1133 597 an·

173 634 282 698 tequam
302 626 329 680 in
350 623 451 679 domini
471 632 632 698 potestatem
652 633 819 697 revertatur3
840 624 889 679 sed
905 624 969 680 iurti
990 626 1059 681 actio
1072 643 1133 682 non

170 711 300 778 nascitur,
320 708 381 779 quia
393 723 443 763 nec
452 724 484 762 ex
496 708 544 763 alia
557 706 611 762 ulia
622 721 700 762 causa
711 717 803 781 potest
818 710 947 764 intereos
959 709 1029 764 adtio
1041 712 1133 766 nasci:

109 786 163 854 (¹4)
175 793 198 847 si
210 805 276 847 vero
293 809 344 866 ope
359 791 472 847 consilio
488 791 598 846 alterius
614 790 715 846 turtum
731 790 831 846 iactum
844 791 943 863 inerit,
960 794 1020 864 quia
1036 795 1133 866 utique

174 875 276 931 iurtum
288 877 473 944 committitur,
489 875 679 931 convenienter
690 875 810 931 iiieiurti
824 885 943 947 tenetur,
959 878 1021 948 quia
1036 893 1133 932 verum
1225 857 1226 894 b

173 967 224 1030 est,
241 975 293 1033 ope
309 958 422 1016 consilio
438 961 495 1014 eius
510 958 612 1014 turtum
627 957 727 1014 iactum
742 976 811 1015 esse.

75 1039 161 1106 13(1b)
239 1038 332 1099 ¹Furti
346 1052 435 1098 antem
451 1044 519 1098 actio
535 1044 560 1098 ei
574 1044 711 1116 competit,
727 1043 804 1099 cuius
820 1043 942 1114 interest,
956 1059 1014 1098 rem
1029 1041 1132 1100 salvam

172 1143 242 1200 esse,
257 1127 321 1183 licet
335 1127 458 1182 dominus
470 1143 524 1182 non
541 1129 591 1181 sit:
605 1128 696 1200 itaque
708 1144 759 1184 nec
770 1127 879 1183 domino
895 1127 973 1183 aliter
987 1131 1131 1202 competit,

74 1207 252 1283 14(16)quam
267 1213 290 1266 si
305 1213 363 1266 eius
379 1211 499 1280 intersit,
520 1227 577 1266 rem
596 1226 650 1267 non
665 1213 763 1285 perire.
808 1209 882 1266 Unde
898 1220 1020 1282 constat,
1041 1213 1131 1268 credi·
1226 1229 1227 1280 ἦ

172 1304 261 1351 torem
277 1294 310 1350 de
325 1295 439 1369 pignore
454 1293 583 1368 subrepto
599 1293 664 1350 furti
679 1311 759 1368 agere
774 1311 866 1368 posse,
882 1297 987 1351 etiamsi
1001 1296 1131 1352 idoneum
1226 1295 1227 1322 ³

173 1378 322 1435 debitorem
344 1378 457 1450 babeat,
478 1379 539 1451 quia
556 1378 663 1451 expedit
678 1382 717 1451 ei,
738 1381 847 1452 pignori
867 1380 959 1452 potius
973 1378 1130 1436 incumbere

173 1479 251 1536 quarn
261 1465 289 1518 iu
301 1479 444 1537 personam
454 1478 549 1537 agere:
565 1462 631 1518 adeo
645 1463 752 1535 quidem
765 1471 805 1532 ut,
819 1465 939 1536 quamvis
954 1466 1010 1535 ipse
1021 1463 1131 1519 debitor

173 1563 230 1602 eam
250 1564 307 1602 rem
328 1547 507 1620 subripuerit,
529 1546 611 1602 nihiio
633 1549 718 1602 minus
739 1547 866 1602 creditori
887 1541 1042 1621 competat²
1056 1553 1130 1604 actio

73 1626 247 1693 15(1⁷)iurti.
275 1631 341 1686 item
357 1633 380 1686 si
392 1629 459 1687 iuilo
471 1629 596 1704 potienda
607 1632 754 1686 curandave
766 1639 812 1686 aut
829 1633 976 1687 sarcinator
990 1632 1129 1687 sarcienda

170 1717 328 1769 vestimenta
348 1713 469 1769 mercede
491 1722 563 1769 certa
578 1715 711 1787 acceperit
725 1730 810 1785 eaque
825 1714 899 1770 inrto
915 1716 1048 1786 amiserit,
1069 1717 1130 1789 ipse

171 1795 236 1852 furti
252 1796 332 1852 habet
346 1799 489 1868 actionem,
504 1813 559 1852 non
574 1796 716 1867 dominus,
730 1799 791 1869 quia
807 1799 908 1853 domiui
923 1799 987 1853 nihii
1003 1801 1128 1871 interest,

171 1893 228 1937 eam
249 1896 304 1935 rem
326 1895 381 1936 non
401 1873 534 1953 perisse,⁸
548 1896 608 1936 cum
628 1881 726 1936 iudicio
742 1882 822 1937 iocati
837 1899 852 1937 a
866 1881 969 1938 fullone
984 1891 1030 1937 aut
1046 1885 1128 1938 sarci·

170 1967 266 2020 datore
281 1981 337 2020 rem
353 1981 427 2019 suam
443 1965 567 2038 persequi
586 1972 687 2037 potest.
718 1965 765 2020 sed
781 1975 808 2020 et
824 1965 909 2021 bonae
924 1963 985 2020 fidei
999 1945 1140 2040 emptoris

171 2047 298 2122 subrepta
312 2065 352 2119 re,
368 2066 447 2122 quam
459 2050 563 2118 emerit,
579 2049 698 2120 quamvis
704 2047 832 2104 dominus
843 2062 898 2104 non
910 2051 955 2120 sit,
971 2050 1128 2106 omnimodo
1228 2091 1229 2136 i

171 2135 288 2207 competi
309 2134 375 2190 iurti
395 2135 479 2202 actio,
501 2132 724 2204 quemadmodum
739 2141 767 2187 et
782 2131 919 2193 creditori.
949 2132 1046 2188 iulioni
1062 2150 1126 2189 vero

172 2225 200 2272 et
215 2219 373 2274 sarcinatori
389 2233 444 2272 non
459 2217 536 2272 aliter
550 2214 617 2271 iurti
632 2224 785 2290 competere
799 2217 915 2290 placuit,
939 2229 1018 2289 quam
1029 2215 1126 2273 sisoi-

171 2298 258 2357 vendo
274 2303 344 2372 siut,
365 2301 418 2356 boo
432 2311 474 2356 est
494 2303 515 2355 si
532 2300 639 2354 domino
660 2302 699 2355 rei
715 2301 926 2356 aestimationem
941 2300 1047 2356 solvere
1063 2315 1126 2374 pos-

171 2385 238 2439 sint:
256 2401 316 2439 nam
327 2386 349 2439 si
365 2384 494 2440 solvendo
506 2400 561 2441 uon
572 2393 646 2453 sunt,
661 2393 726 2439 tunc
740 2386 801 2456 quia
814 2383 845 2439 ab
857 2385 896 2440 eis
907 2399 985 2439 sunm
1000 2385 1126 2440 dominus

172 2470 301 2541 consequi
311 2484 364 2522 uon
377 2469 473 2544 possit,
489 2467 540 2541 ipsi
550 2466 659 2523 domino
674 2463 740 2523 'iurti
756 2469 824 2523 actio
840 2470 979 2542 competit,
996 2470 1057 2541 quia
1073 2470 1126 2524 boc

171 2564 235 2608 casu
250 2553 335 2625 ipsius
350 2553 480 2622 interest,
501 2568 557 2607 rem
573 2552 669 2606 salvam
685 2567 754 2607 esse.
786 2547 856 2606 idem
870 2561 911 2606 est
927 2561 954 2607 et
969 2554 991 2607 si
1006 2554 1033 2606 iu
1048 2561 1125 2626 parte

72 2631 161 2699 16(18)
172 2629 324 2691 solvendo4
344 2637 398 2692 sint
421 2634 488 2690 iulio
508 2644 554 2690 aut
572 2637 730 2691 sarcinator.
769 2633 840 2702 Quae
857 2635 894 2692 'de
910 2635 1013 2691 iniioue
1027 2645 1055 2691 et
1070 2653 1125 2691 sar·

172 2722 290 2776 cinatore
311 2719 441 2796 diximus,
462 2718 554 2775 eadem
575 2728 603 2774 et
623 2713 655 2773 ad
669 2735 746 2789 eum,
768 2715 810 2775 cui
832 2719 999 2775 commodata
1014 2735 1058 2775 res
1069 2729 1124 2796 est,

172 2804 355 2860 transferenda
370 2800 473 2859 veteres
489 2803 686 2858 existimabant:
707 2819 769 2858 nam
788 2812 819 2858 ut
832 2803 878 2858 ilie
890 2802 960 2860 'iulio
974 2801 1124 2860 mercedem

171 2887 325 2960 accipiendo
341 2889 489 2944 custodiam
506 2896 637 2960 praestat,
654 2889 695 2942 ‘ita
710 2888 732 2942 is
749 2900 873 2960 quoque,
894 2889 940 2959 qui
954 2885 1124 2944 commodum

240 3083 260 3147 1)
278 3086 316 3146 ee.
333 3088 363 3134 13
377 3085 460 3137 ...16
472 3105 506 3126 =
519 3085 574 3134 oar,
587 3087 612 3145 3,
625 3085 690 3134 noa.
702 3119 708 3132 .
720 3121 726 3132 .
737 3085 787 3133 ooo
797 3085 892 3148 paream
903 3091 962 3138 mut.
1032 3083 1053 3148 ².)
1068 3085 1121 3134 oar.

173 3152 301 3216 competit
319 3153 392 3202 codd.
410 3161 457 3201 oet.
478 3154 536 3201 edd.
556 3151 628 3200 Scir.
647 3159 672 3200 et
689 3149 739 3202 iia.
816 3147 836 3215 ⁸)
856 3151 912 3204 Gai.
934 3147 1044 3216 Theopb.
1062 3167 1123 3202 unua

171 3222 228 3271 eod.
246 3220 320 3281 infer.
340 3219 426 3283 perire
448 3220 528 3268 ceteri
545 3220 619 3272 codd.
636 3218 676 3267 ed.
694 3218 745 3271 Kr.
847 3215 869 3280 ⁴)
887 3220 924 3269 sic
942 3221 1016 3273 codd.
1028 3226 1082 3269 net.
1099 3227 1123 3268 et

170 3289 292 3350 plerique.
312 3286 341 3333 in
360 3291 463 3349 partem
481 3285 610 3335 solvendo
628 3288 673 3334 atti
689 3288 729 3337 ed.
748 3283 822 3336 Scir.
857 3287 900 3335 Aa
917 3287 995 3349 ipitar
1011 3286 1121 3336 seriben-

172 3354 228 3400 dom
245 3353 273 3399 in
292 3357 368 3415 parte
386 3351 560 3401 insoiveudo?
582 3359 609 3400 ut
625 3354 754 3416 posterior
772 3359 844 3402 aetas
856 3350 1006 3412 insolutus,
1021 3349 1123 3403 ¹inscin-

172 3417 236 3466 biiis
259 3418 373 3474 dicebat,·
396 3435 452 3466 nom
474 3421 544 3482 opud
568 3417 679 3484 Tbeopb.
703 3421 743 3469 bio
764 3427 834 3469 reete
858 3413 988 3486 ἄπορος
1011 3435 1061 3485 pro
1079 3411 1121 3470 sai·

172 3499 276 3547 πορος
293 3486 344 3549 lepi
360 3487 466 3537 videtur.
