2472 3896
432 179 467 214 nn
485 177 577 215 annuns
595 179 735 216 nrvrsrorsn
755 166 790 229 11,
810 168 832 216 1.
1070 165 1111 230 37

155 319 219 376 dum
239 327 376 375 mortuum
397 318 479 375 iniert
499 320 527 375 in
548 319 638 375 iocum
658 337 746 375 suum.
784 321 812 375 in
833 336 1001 377 communem
1023 329 1112 378 autem

155 403 244 460 locum
260 419 356 476 purum
372 404 455 459 invito
472 403 546 459 socio
562 403 662 459 inferre
677 420 731 460 non
746 403 822 460 licet:
843 406 870 460 in
886 420 1027 461 commune
1048 421 1112 462 vero

154 487 308 560 sepulcrum
331 489 411 543 etiam
432 487 522 543 invitis
543 489 641 542 ceteris
661 487 724 543 licet
742 487 851 544 inierre.
881 489 945 544 item
966 491 988 544 si
1009 489 1111 546 alienus

156 571 328 628 ususfructus
351 579 403 643 est,
426 571 634 644 proprietarium
648 569 751 644 placet,
772 573 824 627 nisi
839 573 1025 628 consentiente
1047 589 1114 630 usu-

155 654 314 726 fructuario,
325 654 415 710 iocum
424 654 581 727 religiosum
590 670 644 710 non
656 654 753 711 iacere.
776 657 803 711 in
814 655 929 711 alienum
941 656 1041 728 iocum,
1049 672 1114 712 con·

155 739 267 795 cedente
283 738 403 804 domino,
423 738 487 794 iicet
500 737 614 795 inierre:
636 746 663 793 et
684 739 747 794 iicet
766 747 861 812 postea
875 748 963 796 ratum
977 740 1111 812 habuerit,

156 839 234 896 quam
250 822 341 878 illatus
355 829 397 878 est
412 830 544 894 mortuus,
559 829 647 877 tamen
661 822 808 896 religiosus
822 822 901 879 locus
916 821 954 879 fit.
987 817 1112 881 ¹Sanctae
1131 824 1162 873 10

156 923 265 980 quoque
287 921 340 976 res,
363 905 447 961 veluti
461 907 530 961 muri
552 913 579 961 et
600 914 703 978 portae,
727 906 923 979 quodammodo
944 907 1024 963 divini
1046 909 1113 964 iuris

156 998 221 1046 sunt
235 998 264 1046 et
278 989 340 1047 ideo
355 989 455 1046 nuliius
469 990 497 1045 in
511 988 590 1045 bonis
611 998 685 1046 sunt.
715 990 776 1046 ideo
796 998 885 1046 autem
900 1006 991 1046 muros
1006 999 1113 1048 sanctos

156 1075 279 1145 dicimus,
302 1075 365 1147 quia
384 1089 473 1146 poena
492 1074 586 1147 capitis
608 1075 755 1129 constituta
768 1076 805 1130 sit
819 1076 846 1130 in
862 1090 926 1145 eos,
952 1076 999 1148 qui
1013 1073 1114 1148 aliquid

156 1160 184 1215 in
199 1173 292 1214 muros
306 1156 480 1230 deliquerint.
510 1156 571 1214 ideo
583 1165 611 1214 et
625 1156 717 1229 legum
728 1174 772 1213 eas
784 1167 884 1232 partes,
901 1156 998 1231 quibus
1012 1173 1114 1232 poenas

156 1241 347 1298 constituimus
358 1239 486 1296 adversus
495 1256 553 1313 eos,
568 1241 615 1312 qui
630 1250 723 1298 contra
735 1241 810 1316 leges
822 1243 946 1315 iecerint,
961 1243 1114 1298 sanctiones

156 1339 293 1382 vocamus.

221 1402 414 1480 ²Siogulorum
428 1412 518 1462 autem
532 1405 670 1461 hominum
685 1407 776 1462 multis
791 1407 877 1462 modis
892 1426 934 1465 res
950 1407 1032 1464 flunt:
1049 1426 1114 1483 qua·
1134 1413 1164 1460 11

158 1491 271 1547 rundam
285 1491 356 1546 enim
367 1505 457 1545 rerum
472 1489 618 1546 dominium
630 1491 809 1546 nanciscimur
823 1491 880 1546 iure
890 1492 1016 1563 naturali,
1032 1492 1115 1565 qnod,

158 1576 229 1631 sicut
250 1573 373 1643 diximus,
397 1573 548 1646 appellatur
568 1574 611 1628 ius
626 1575 760 1646 gentium,
782 1575 947 1646 quarundam
962 1577 1020 1631 iure
1035 1576 1114 1632 civili.

158 1658 324 1716 commodius
346 1664 389 1712 est
410 1659 500 1729 itaque
522 1673 536 1712 a
557 1659 705 1713 vetustiore
726 1657 785 1713 iure
807 1659 933 1732 incipere.
966 1658 1052 1733 paiam
1075 1667 1118 1714 est

158 1750 264 1811 autern,
279 1742 412 1797 vetustius
427 1757 487 1797 esse
501 1741 624 1797 naturaie
638 1742 697 1812 ius,
713 1741 861 1814 quodcum
876 1744 936 1816 ipso
952 1759 1052 1816 genere
1067 1743 1117 1799 hu·

157 1843 234 1882 mano
249 1841 340 1882 rerum
354 1833 447 1880 natura
462 1824 594 1899 prodidit:
615 1825 701 1881 civilia
723 1827 793 1881 enim
808 1827 865 1881 iura
888 1835 952 1882 tnnc
968 1834 1117 1901 coeperunt

157 1903 243 1984 esse,³
263 1926 323 1966 cum
346 1916 374 1964 et
394 1909 513 1966 civitates
535 1908 615 1965 condi
638 1917 665 1965 et
687 1911 860 1984 magistratus
884 1911 969 1966 creari
991 1918 1020 1966 et
1040 1910 1116 1984 leges

157 1993 239 2052 scribi
252 2000 412 2066 coeperunt.

222 2071 324 2134 tiarae
343 2075 427 2148 igitur
445 2075 547 2132 hestiae
567 2083 595 2131 et
615 2075 739 2132 volucres
754 2085 781 2132 et
796 2077 902 2150 pisces,
926 2076 952 2131 id
972 2085 1014 2132 est
1030 2077 1117 2132 omnia
1136 2083 1167 2130 12

158 2159 298 2229 animalia,
320 2175 390 2231 quae
411 2159 439 2213 in
460 2167 533 2215 terra
545 2161 610 2214 mari
627 2159 701 2214 caelo
716 2167 882 2230 nascuntur,
905 2159 1069 2232 simulatque
1085 2159 1117 2214 ab

159 2243 251 2316 aliquo
266 2248 343 2315 capta
358 2241 468 2316 suerint,
488 2243 547 2298 iure
562 2242 683 2316 gentium
699 2243 789 2297 statim
805 2241 877 2298 iliius
893 2257 953 2298 esse
968 2245 1116 2316 incipiunt:

160 2326 232 2401 quod
249 2328 320 2382 enim
335 2335 397 2382 ante
410 2325 513 2382 nullius
528 2333 581 2398 est,
600 2325 629 2381 id
644 2324 760 2381 naturali
776 2325 881 2382 ratione
896 2328 1037 2400 occupanti
1052 2343 1117 2383 con-

160 2410 275 2469 ceditur.
310 2425 360 2466 nec
374 2411 504 2479 interest,
525 2407 596 2466 ieras
615 2408 715 2464 bestias
735 2418 762 2466 et
777 2409 901 2466 volucres
917 2420 1007 2467 utrum
1023 2413 1051 2467 in
1065 2427 1116 2466 suo

159 2493 244 2552 tundo
256 2493 370 2566 quisque
385 2493 487 2567 capiat,
509 2509 542 2548 an
556 2493 585 2549 in
599 2493 704 2549 alieno:
727 2493 806 2567 plane
822 2493 910 2567 quiin
925 2495 1042 2551 alienum
1057 2494 1118 2550 iun·

160 2579 223 2635 dum
237 2577 390 2650 ingreditur
404 2577 513 2634 venandi
526 2585 573 2632 aut
587 2577 737 2650 aucupandi
751 2579 845 2651 gratia,
861 2585 953 2652 potest
967 2596 981 2634 a
996 2578 1116 2643 domino,

160 2663 183 2718 si
205 2663 228 2717 is
250 2660 406 2734 providerit,
427 2661 581 2735 prohiberi,
602 2676 636 2717 ne
657 2661 834 2735 ingrediatur.
876 2662 1006 2735 quidquid
1027 2671 1118 2717 antem

160 2763 255 2803 eorum
269 2745 383 2817 ceperis,
403 2760 436 2800 eo
451 2760 537 2817 usque
552 2753 629 2800 tuum
643 2760 703 2801 esse
717 2745 897 2818 intellegitur,
913 2745 1000 2801 donec
1012 2753 1058 2800 tua
1072 2759 1118 2800 cu·

160 2831 248 2886 stodia
261 2835 417 2884 coercetur:
436 2844 496 2884 cum
510 2844 575 2885 vero
590 2830 704 2885 evaserit
723 2828 871 2884 custodiam
892 2836 965 2884 tuam
981 2835 1008 2883 et
1023 2829 1050 2882 in
1072 2843 1118 2883 na·

161 2913 276 2970 turaiem
297 2911 448 2968 libertatem
469 2928 499 2968 se
517 2913 659 2986 receperit,
683 2920 759 2968 tuum
774 2928 833 2967 esse
856 2911 954 2968 desinit
975 2919 1003 2966 et
1025 2927 1118 2966 rursus

228 3157 249 3221 ¹)
266 3161 322 3210 tuit.
340 3179 375 3200 =
394 3158 449 3210 dat.
468 3161 496 3221 2,
513 3160 538 3209 8.
555 3159 588 3208 L.
608 3162 621 3208 l
643 3175 687 3224 pr.
705 3159 738 3212 D.
761 3160 817 3209 eod.
903 3154 923 3222 ²)
991 3158 1025 3210 L.
1045 3160 1057 3206 1
1075 3175 1117 3223 pr.

125 3228 193 3343 '133
206 3227 243 3342 ff}
261 3243 318 3344 nep.
335 3242 388 3280 rer.
406 3227 480 3343 mit
490 3223 565 3341 (dh
561 3224 587 3290 1)
596 3234 673 3342 5qu
691 3241 727 3276 eac
746 3225 837 3357 643111,
856 3227 941 3342 imur.
959 3233 1030 3342 ppot.
1083 3223 1117 3324 Σ)

161 3361 193 3411 L.
215 3309 292 3476 3.de
309 3307 394 3426 ted?
410 3309 499 3416 diffide
525 3308 595 3425 aeq?
611 3309 753 3414 penum·
782 3293 840 3424 (ᾗ
863 3358 888 3424 1)
918 3375 954 3411 ea*
982 3293 1117 3410 Gdt'eireffi

160 3443 214 3486 rer,
232 3443 300 3493 quo.
