2492 3896
175 203 235 267 112
380 221 415 254 ou
434 219 611 256 accenseretur
630 218 807 254 coeseconuu
824 203 874 267 ΙΙΙ,
894 208 917 258 5.

599 403 656 446 ΤΙΤ.
670 403 697 444 V.

356 489 406 538 DE
425 486 667 540 succusslortu
686 486 944 540 COGNATORUM.

122 625 158 668 1²1.
235 611 301 666 Post
316 627 381 666 suos
396 610 509 666 heredes
525 626 636 682 eosque,
652 627 719 682 quos
731 610 803 664 inter
815 607 880 664 suos
890 607 1004 664 heredes
1019 617 1132 681 praetor

172 704 199 752 et
221 695 429 751 constitutiones
445 703 558 763 vocant,
581 701 607 748 et
622 701 685 765 post
699 693 836 766 legitimos
852 688 920 766 (quo
936 707 1049 747 numero
1065 701 1131 748 sunt

172 778 280 852 adgnati
297 778 380 850 ethi,
403 795 471 850 quos
491 779 518 832 in
534 777 622 833 locum
638 777 814 849 adgnatorum
836 784 887 831 tam
903 792 984 848 supra
999 775 1071 833 dicta
1086 793 1131 830 se-

172 861 373 918 natusconsulta
388 877 468 933 quam
483 869 575 916 nostra
590 861 675 915 erexit
689 851 864 939 constitutio)
877 861 1013 932 proximos
1028 875 1129 933 cogna-

140 950 216 1001 ltos
237 954 346 1018 praetor
373 953 459 1001 vocet.
501 943 557 1010 Qua
584 950 659 1016 parte
682 944 810 999 naturalis
832 945 958 1016 cognatio
981 952 1129 1016 spectatur.

172 1045 231 1083 nam
248 1029 356 1102 adgnati
370 1029 456 1101 capite
477 1027 605 1082 deminuti
625 1027 725 1098 quique
741 1043 773 1082 ex
787 1027 829 1082 his
844 1027 980 1099 progeniti
996 1037 1074 1092 sunt,
1096 1044 1131 1082 ex

172 1111 233 1185 lege
248 1112 387 1168 duodecim
404 1110 554 1166 tabularum
568 1111 640 1165 inter
654 1110 790 1181 legitimos
812 1126 866 1164 non
882 1109 1028 1180 hahentur,
1050 1111 1098 1166 sed
1114 1128 1130 1166 a

172 1205 296 1268 praetore
319 1197 399 1251 tertio
423 1195 516 1250 ordine
538 1201 684 1263 vocantur,
711 1194 829 1266 exceptis
850 1192 917 1248 solis
940 1195 1128 1250 tautummodo

172 1278 256 1334 fratre
272 1287 299 1335 et
313 1295 407 1334 sorore
427 1279 615 1351 emancipatis,
638 1293 692 1332 non
714 1277 793 1332 etiam
814 1275 904 1332 liberis
926 1292 1035 1347 eorum,
1058 1295 1128 1352 quos

172 1362 215 1418 lex
231 1355 419 1418 Anastasiana¹
435 1378 496 1418 cum
517 1361 643 1417 iratribus
664 1361 763 1432 integri
783 1361 849 1414 iuris
870 1362 1026 1416 constitutis
1049 1371 1130 1418 vocat

172 1446 280 1519 quidem
295 1445 327 1501 ad
342 1446 488 1519 legitimam
504 1445 593 1501 fratris
609 1444 786 1500 hereditatem
800 1445 855 1498 sive
870 1445 991 1514 sororis,
1012 1462 1067 1500 non
1083 1463 1127 1502 ae-

173 1532 232 1603 quis
248 1540 337 1586 tameu
352 1529 489 1603 partibus,
505 1529 553 1586 sed
568 1546 627 1586 cum
643 1529 730 1601 aliqua
746 1528 938 1597 deminutione,
954 1545 1033 1600 quam
1049 1528 1129 1585 facile

171 1623 213 1668 est
228 1630 260 1669 ex
274 1615 358 1687 ipsius
373 1615 573 1669 constitutionis
588 1613 677 1668 verhis
692 1611 835 1684 colligere,
851 1611 908 1666 aliis
923 1627 987 1667 vero
1003 1612 1128 1685 adgnatis

170 1697 306 1752 inferioris
328 1697 443 1770 gradus,
465 1696 529 1754 licet
548 1697 641 1768 capitis
662 1695 871 1750 deminutionem
891 1696 963 1768 passi
982 1712 1037 1750 uon
1052 1705 1127 1768 sunt,

122 1779 271 1845 2(1)tamen
284 1795 332 1834 eos
344 1780 483 1852 anteponit
495 1789 523 1834 et
534 1778 629 1851 procul
647 1778 730 1833 dubio
742 1780 874 1849 cognatis.
905 1777 960 1833 llos
972 1781 1063 1849 etiam,
1080 1783 1128 1852 qui

171 1879 220 1936 per
234 1862 355 1918 feminini
370 1879 450 1918 sexus
465 1877 594 1936 personas
610 1878 642 1916 ex
657 1871 809 1916 transverso
831 1865 993 1935 cognatione
1008 1865 1127 1936 iungun-

172 1956 235 2016 tur,
249 1949 331 2002 tertio
347 1946 431 2020 gradu
446 1947 622 2018 proximitatis
636 1946 743 1999 nomine
758 1952 866 2017 praetor
880 1945 912 1999 ad
927 1948 1128 2003 successionem

122 2030 271 2100 3(2)vocat.
302 2028 390 2085 Liberi
406 2046 532 2102 quoque,
548 2030 635 2102 quiin
651 2029 773 2102 adoptiva
788 2027 887 2082 familia
902 2037 980 2100 sunt,
999 2029 1032 2084 ad
1047 2041 1127 2086 natu·

172 2115 267 2170 ralium
298 2122 439 2187 parentum
470 2113 645 2169 hereditatem
677 2112 729 2167 hoc
756 2111 859 2194 eodem,
878 2112 963 2185 gradu
985 2124 1127 2172 vocantur.

122 2199 271 2272 4(3)Vulgo
294 2200 430 2271 quaesitos
452 2197 555 2253 nullum
577 2195 676 2252 hahere
696 2195 857 2268 adgnatum,
880 2195 1051 2251 manifestum
1072 2208 1127 2269 est,

172 2298 233 2337 cum
247 2282 373 2354 adgnatio
388 2300 402 2337 a
418 2291 507 2355 patre,
528 2282 654 2354 cognatio
675 2280 710 2335 sit
726 2296 739 2333 a
755 2287 854 2350 matre,
876 2279 902 2333 hi
918 2286 1006 2334 autern
1021 2281 1127 2337 nullum

171 2372 275 2437 patrem
290 2363 387 2420 hahere
409 2365 612 2438 intelleguntur.
644 2363 734 2418 eadem
750 2364 852 2418 ratione
871 2379 922 2418 nec
936 2364 1006 2418 inter
1021 2381 1051 2419 se
1067 2368 1128 2438 qui-

144 2497 145 2500 ,
172 2448 233 2503 dem
252 2455 368 2520 possunt
388 2448 470 2503 videri
493 2448 685 2521 consanguinei
706 2463 780 2515 esse,
803 2447 863 2519 quia
885 2449 1128 2520 consanguinitatis

171 2532 213 2586 ius
235 2531 339 2604 species
361 2538 403 2586 est
424 2531 607 2604 adgnationis:
628 2538 732 2586 tantum
753 2531 836 2602 igitur
855 2532 965 2603 cognati
985 2541 1049 2586 sunt
1064 2531 1126 2604 sihi,

172 2616 243 2671 sicut
258 2622 285 2670 et
301 2615 391 2669 matris
407 2616 537 2686 cognatis.
581 2616 670 2687 itaque
691 2612 813 2668 omnihus
834 2614 891 2667 istis
908 2630 938 2668 ea
953 2624 1028 2686 parte
1050 2632 1127 2672 corn-

171 2701 240 2772 petit
253 2699 386 2755 honorum
402 2699 554 2770 possessio,
576 2714 627 2769 qua
643 2698 817 2769 proximitatis
832 2697 938 2752 nomine
953 2699 1064 2771 cognati
1077 2717 1128 2755 vo-

121 2778 285 2847 5(4)cantur.
324 2782 380 2838 lloo
399 2781 460 2836 loco
484 2789 512 2836 et
526 2780 591 2835 illud
607 2780 757 2836 necessario
773 2780 931 2834 admonendi
947 2797 1056 2852 sumus,
1079 2783 1128 2838 ad-

172 2869 306 2941 gnationis
328 2865 435 2939 quidem
456 2867 514 2920 iure
536 2864 637 2919 admitti
659 2863 774 2935 aliquem
797 2862 829 2918 ad
854 2863 1028 2920 hereditatem
1053 2875 1081 2922 et
1105 2871 1130 2924 si

170 2951 274 3008 decimo
285 2950 370 3023 gradu
387 2952 438 3022 sit,
453 2951 508 3005 sive
522 2947 555 3003 de
569 2947 629 3020 lege
643 2947 783 3003 duodecim
795 2945 943 3002 tabularum
954 2965 1129 3021 quaeramus,

170 3036 226 3090 sive
247 3035 280 3090 de
303 3035 405 3104 edicto,
429 3049 483 3106 quo
502 3040 612 3105 praetor
637 3031 764 3104 legitimis
785 3029 926 3086 heredibus
946 3032 1073 3090 daturum
1097 3052 1130 3092 se

171 3117 304 3184 honorum
325 3119 523 3189 possessionem
545 3114 697 3187 pollicetur.
741 3114 918 3187 proximitatis
934 3131 998 3171 vero
1014 3119 1129 3176 nomine

170 3201 211 3256 his
227 3201 292 3257 solis
307 3209 416 3274 praetor
430 3199 564 3272 promittit
584 3197 716 3254 honorum
738 3198 951 3270 possessionem,
974 3200 1021 3271 qui
1036 3216 1130 3275 usque

170 3366 369 3375 .-——-——-

238 3463 257 3528 1)
276 3467 302 3514 t‘n
320 3463 381 3514 God.
399 3469 481 3526 repet.
498 3466 579 3527 prael.
599 3464 698 3514 omisca.
