2500 3890
62 153 123 217 150
156 169 192 204 nn
211 166 442 204 osnrnnnromsns
458 166 542 210 onnes
560 168 594 202 nx
612 153 877 214 oosrnncrnli1‚2i
890 148 954 216 (28).

61 311 200 379 societate,
216 309 298 365 veluti
310 307 381 380 quod
393 308 493 380 pariter
503 309 541 362 eis
552 306 642 382 legata
655 306 786 363 donatote
803 315 886 375 esset,
902 313 929 361 et
944 305 1015 361 alter

61 409 154 449 eorum
168 393 245 449 alteri
264 392 325 448 ideo
345 399 466 446 teneatur
485 392 620 446 communi
639 390 783 446 dividundo
805 389 919 460 iudicio,
941 389 1015 462 quod

61 477 136 532 solus
152 476 254 532 fructus
270 492 302 530 en
317 491 346 531 es
361 491 390 530 re
405 476 567 548 perceperit,
583 482 629 530 aut
644 473 717 548 qnod
733 475 822 529 socius
838 477 896 529 eius
912 475 938 530 in
955 489 1015 528 enm

61 575 118 616 rem
133 560 294 615 necessarias
314 560 448 631 impensas
468 557 577 614 iecerit:
601 574 656 613 non
675 558 843 630 intellegitur
857 558 966 630 proprie
981 573 1016 612 ex

63 651 204 700 contractu
224 641 356 716 obligatus
377 657 451 714 esse,
474 643 573 714 qnippe
593 642 659 697 nihil
674 643 745 698 inter
759 658 788 697 se
804 648 1020 697 oontrnrernnozz

62 726 109 782 sed
130 729 266 799 quianon
286 743 318 782 en
336 723 465 782 maleficio
486 734 608 795 tenetur,
631 726 706 798 quasi
727 742 760 781 ex
774 733 916 780 conuentu
928 725 1020 780 reneri

28 813 44 860 4
60 811 173 870 videtur.
215 810 286 866 Idem
305 811 370 865 iuris
391 819 433 865 est
452 809 485 865 de
504 825 550 879 eo,
573 810 619 881 qni
633 809 760 865 coheredi
775 825 826 863 suo
842 808 957 864 iamiline
970 825 1014 865 er·

28 901 43 946 5
61 894 201 951 oisonndee
217 894 315 950 iudicio
335 911 366 950 ex
386 893 428 948 his
451 895 538 948 oensis
554 891 690 966 obligatus
706 899 757 948 esi.
789 885 889 948 1Heres
905 909 1018 966 quoqne

60 978 212 1052 legatorum
225 980 333 1033 nomine
353 993 407 1032 non
422 978 531 1049 proprie
550 993 580 1031 er
601 984 742 1032 contractu
758 975 892 1050 obligatus
909 976 1020 1032 intelle·

61 1064 150 1136 gitur3
170 1078 258 1134 neque
273 1063 343 1117 enim
358 1076 418 1116 oum
433 1060 532 1116 herede
547 1075 634 1132 neque
649 1077 708 1116 eum
723 1061 851 1116 defuneto
867 1060 951 1116 nlitrm
967 1077 1019 1116 rie-v

60 1148 165 1218 gotium
185 1146 329 1217 legatarius
350 1145 465 1218 gessisse
485 1144 594 1216 proprie
614 1143 664 1198 diei
684 1153 791 1217 potest:
813 1137 879 1200 sed²
901 1145 964 1218 quin
980 1160 1015 1198 er

61 1229 189 1285 maleficio
208 1243 263 1284 non
282 1237 324 1282 est
343 1227 478 1300 obligatus
498 1228 593 1301 heres,
617 1229 692 1299 quasi
713 1243 746 1284 ex
760 1237 902 1284 eontreotn
917 1227 1019 1284 dehere

27 1321 42 1368 6
59 1312 238 1385 intellegitur.
267 1311 332 1367 item
348 1313 381 1380 is,
398 1313 440 1368 eni
452 1313 511 1385 quis
526 1327 575 1384 per
586 1328 705 1370 errorem
718 1328 775 1368 non
789 1311 908 1368 debitum
923 1311 1018 1382 solrit⁷

61 1398 137 1470 qnasi
152 1413 185 1452 er
198 1404 340 1452 contractu
353 1394 452 1451 debere
466 1395 579 1452 videtur.
609 1397 675 1452 odeo
691 1398 760 1452 enim
775 1411 831 1451 non
845 1395 1018 1469 intellegitur

60 1481 169 1555 proprie
184 1497 217 1536 ex
231 1487 372 1537 contractu
387 1479 537 1554 obligatus,
557 1490 601 1551 ut,
623 1483 647 1536 si
666 1481 809 1536 certiorem
824 1482 958 1535 rationem
972 1496 1020 1536 ee·-

61 1581 187 1638 quemur,
209 1565 310 1637 magis,
330 1573 455 1637 utsupra
471 1564 597 1636 diximus,
620 1581 652 1620 ex
666 1565 795 1619 distractu
810 1579 890 1636 quam
905 1581 937 1618 ex
952 1579 1020 1619 eon-

61 1656 147 1704 traotu
156 1649 243 1721 possit
253 1647 305 1703 dioi
322 1647 455 1720 obligatus
468 1664 540 1703 esse:
555 1665 615 1703 nam
631 1649 677 1721 qtti
693 1646 814 1704 solvendi
829 1649 916 1702 animo
932 1663 1018 1720 peon-

60 1733 130 1786 ninm
151 1730 209 1801 det,
232 1733 261 1785 in
281 1732 332 1786 hoc
352 1731 414 1786 dere
433 1731 552 1800 videtur,
575 1739 608 1786 ut
620 1731 750 1786 distrahat
766 1732 857 1803 potius
872 1732 1018 1804 negotium

61 1830 139 1886 quom
154 1813 302 1869 contrahet.
333 1813 381 1868 sed
395 1821 483 1869 tamen
497 1815 608 1887 proinde
623 1816 655 1886 is,
672 1816 717 1887 qui
732 1817 851 1888 aceepit,
868 1814 1019 1888 obligetur,

28 1913 42 1961 ἰ
60 1915 90 1954 ao
104 1899 126 1953 si
142 1905 264 1952 mutuum
280 1897 318 1952 illi
333 1897 450 1966 deretur,
465 1905 494 1953 et
503 1897 563 1952 ideo
575 1897 745 1954 condictione
757 1906 872 1953 tenetur.
903 1897 940 1952 Ex
956 1900 1018 1972 qui-

59 1981 170 2038 busdam
187 1989 275 2036 temen
291 1982 377 2036 oensis
387 1982 472 2054 repeti
483 1997 537 2036 non
549 1989 655 2053 potest,
670 1980 743 2054 quod
759 1997 808 2054 per
823 1997 943 2037 errorem
960 1999 1017 2038 non

60 2065 179 2121 debitum
195 2065 312 2120 solutum
327 2066 371 2120 sit.
398 2057 533 2136 namque3
546 2063 725 2121 definiverunt
739 2073 855 2137 veteres,
868 2082 900 2122 ex
917 2065 1017 2138 quib'ns

59 2152 146 2206 oensis
161 2149 299 2205 infitiando
314 2149 347 2204 lis
362 2151 468 2219 erescit,
484 2165 516 2204 ex
530 2149 572 2204 his
583 2149 669 2204 causis
684 2165 739 2204 non
754 2148 875 2204 debitum
890 2149 1014 2204 solutum

59 2236 145 2306 repeti
159 2250 213 2289 non
229 2249 320 2305 posse,
335 2233 418 2288 veluti
433 2251 465 2288 ex
479 2233 540 2306 lege
554 2233 668 2305 Aquilia,
684 2234 748 2288 item
763 2249 796 2287 en
810 2233 911 2306 iegato.
941 2233 1016 2305 quod

59 2325 164 2372 veteres
184 2316 293 2388 quidem
311 2318 339 2370 in
360 2317 402 2371 his
423 2317 519 2390 legatis
538 2316 629 2373 locum
648 2315 746 2371 habere
767 2316 928 2388 voluerunt,
946 2333 1018 2390 quae

59 2408 132 2456 certe
151 2401 298 2455 constitute
318 2416 366 2472 per
384 2399 579 2455 damnationem
600 2402 758 2470 cuicumque
781 2399 890 2456 fuerent
909 2400 1016 2474 legete:

59 2491 150 2538 nostro
165 2491 253 2537 eutem
269 2476 445 2538 constitutio⁴
460 2499 520 2538 oum
541 2499 620 2538 unam
640 2491 760 2538 naturam
777 2483 900 2538 omnibus
917 2483 1017 2558 legatis

60 2575 87 2621 et
102 2565 313 2621 fideicommissis
333 2565 457 2632 indulsit,
481 2566 633 2622 huiusmodi
653 2575 829 2641 augmentum
845 2568 873 2621 in
889 2569 1016 2623 omnibns

58 2650 154 2724 legatis
166 2657 194 2704 et
209 2646 421 2704 fideicommissis
436 2648 544 2705 extendi
554 2650 653 2705 voluit:
669 2649 716 2705 sed
731 2666 786 2705 non
802 2651 927 2706 omnibus
941 2651 1017 2725 iege·

58 2734 132 2790 teriis
145 2731 274 2807 praebuit,
293 2732 340 2788 sed
352 2733 535 2788 tantummodo
547 2735 574 2788 in
586 2733 627 2788 his
639 2732 736 2806 legetis
748 2742 775 2788 et
787 2731 1015 2805 fideicommissis,

58 2834 125 2890 qnae
139 2817 318 2874 saerosanctis
332 2816 450 2872 eeclesiis
465 2819 617 2888 ceterisque
632 2815 827 2872 venerabilibus
842 2818 925 2887 loeis,
941 2835 1015 2890 quae

57 2901 197 2975 religionis
218 2901 259 2956 vel
278 2901 385 2973 pietatis
405 2901 505 2955 intuitu
524 2899 750 2971 honorificantur,
772 2901 898 2957 derelicto
914 2895 1018 2973 ειιιιῑ,5

59 3001 127 3058 quae
142 2987 165 3040 si
178 2985 295 3040 indebita
309 2984 461 3055 solventur,
477 3001 532 3040 non
547 2992 716 3057 repetentur.

128 3212 147 3278 ¹)
162 3216 220 3278 fere
238 3235 271 3255 =
289 3216 320 3268 L.
339 3216 364 3266 d.
382 3211 405 3270 ἓ.
425 3216 448 3263 2.
468 3215 500 3264 D.
518 3216 572 3268 eod.
661 3211 682 3275 ²)
704 3213 727 3262 T
746 3213 857 3276 Tlteoplt.
878 3217 905 3262 et
923 3219 1018 3264 temen

60 3284 140 3331 ceteri
160 3284 233 3332 codd.
258 3282 315 3331 edd.
340 3280 412 3334 Scor.
437 3289 462 3330 et
479 3281 528 3332 Kr.
613 3277 634 3346 ³)
656 3280 767 3344 Theopd.
786 3279 812 3327 B
829 3281 922 3345 odiique
939 3283 1017 3331 codd.

60 3349 100 3397 sio
117 3363 232 3412 nemque
249 3364 284 3398 ero
305 3347 329 3396 Τ
342 3349 383 3397 ed.
395 3348 443 3401 Kr.
511 3346 534 3412 ⁴)
553 3347 584 3401 L.
603 3350 628 3398 2.
646 3347 675 3402 0.
694 3363 777 3398 oomni.
796 3348 828 3396 de
846 3351 893 3412 leg.
914 3345 949 3412 (6,
962 3347 1018 3413 43).

60 3414 81 3476 ⁶)
100 3416 132 3464 L.
149 3417 190 3464 46.
208 3417 232 3475 ἕ.
252 3417 276 3467 7,
297 3414 324 3464 G.
344 3416 375 3464 de
393 3430 489 3464 saeros.
508 3419 568 3465 ecel.
587 3413 622 3479 (1,
641 3415 678 3479 3).
