2492 3896
134 169 175 232 76
253 185 354 229 eumue
370 186 459 222 nonre-
471 185 647 222 summurn
664 186 852 222 rumunnense
867 172 908 236 II,⁴
923 174 962 227 i'i.

135 327 250 385 existere
260 319 403 400 potuerit.¹
431 325 547 400 ideoque
561 328 654 400 siquis
667 337 713 383 sert
726 328 845 383 notuerit
859 328 937 384 heres
953 342 1022 395 esse,
1038 333 1090 382 eut

135 412 197 468 vtro
214 418 348 468 testatore
367 417 417 466 aut
433 419 497 483 post
516 418 630 466 mortem
650 412 724 483 eius,
747 415 889 484 antequam
910 411 1088 466 hereditatem

135 494 230 564 odiret,
245 493 402 564 decesserit,
416 504 462 550 eut
476 494 643 565 eordidone,
658 493 771 566 subque
785 495 864 551 heres
879 496 1019 550 institutus
1034 501 1090 566 est,

135 577 256 634 deieotus
277 577 327 649 sit,
349 578 378 634 in
399 578 442 632 his
456 577 563 634 casibus
582 577 769 650 paterfamilias
788 580 937 634 intestatus
956 579 1089 636 moritur:

134 667 237 716 renuet
254 662 327 734 prius
343 668 536 717 testarentum
548 676 602 716 non
616 661 701 734 volet,
722 670 861 735 rupturus
876 662 1047 735 posteriore,
1059 671 1091 717 et·

134 746 271 818 posterius
285 760 369 817 aeque
383 743 472 800 nullus
484 747 554 800 uires
569 743 662 815 hehet,
683 762 744 801 enm
760 762 792 800 en
806 761 839 801 oo
854 761 932 800 nemo
948 745 1027 800 heros
1042 761 1091 800 er-

103 833 118 882 3
135 829 236 885 titerit.
261 827 315 883 Sed
328 830 350 882 si
366 830 439 901 quis,
451 830 542 901 priore
555 834 717 884 testamento
730 831 790 884 iure
805 828 936 902 perfeeto,
951 829 1089 902 posterius

135 927 221 985 eeqtre
233 913 291 968 iure
306 911 415 981 iecerit‚.
426 913 529 968 etimnsi
543 927 577 967 en
590 913 670 967 certis
683 910 764 968 rehus
778 913 807 966 in
822 929 854 968 eo
868 912 994 968 heredem
1008 913 1088 968 insti·

136 996 235 1067 tuerit,
256 995 378 1068 asperius
397 1002 586 1051 testemonium
611 993 745 1050 subletum
764 1011 824 1050 esse
846 994 900 1051 divi
920 995 1041 1051 Severrn‘
1059 1003 1092 1052 ot

134 1079 286 1138 Antoninus
300 1080 506 1150 rescripserunt.
535 1079 612 1134 euius
625 1079 826 1135 constitutionis
840 1080 923 1136 inseri
938 1078 1021 1135 verbs
1030 1081 1090 1136 ius·

135 1164 232 1232 simus,
245 1179 307 1220 eum
320 1160 393 1216 atiud
408 1177 516 1234 quoque
530 1169 667 1234 praeterea
681 1163 709 1218 in
724 1178 756 1218 ee
770 1164 964 1219 constitutione
978 1179 1088 1236 expres-

136 1261 197 1301 sum
205 1254 259 1312 est.
291 1243 485 1317 ‘imperatores
496 1244 611 1301 Severus
619 1254 646 1301 et
657 1248 807 1302 Antoninus
818 1245 931 1303 Cooeeio
944 1246 1086 1320 Campanis.

135 1329 336 1386 Testamentum
350 1328 468 1384 seeundo
482 1328 543 1385 loeo
558 1329 668 1399 eornm,
681 1329 745 1387 lieet
758 1332 787 1386 in
801 1346 834 1386 eo
850 1340 981 1388 certarum
996 1345 1092 1386 rerum«

135 1413 214 1469 heros
235 1413 353 1486 scriptus
374 1413 427 1483 sit,
445 1413 504 1468 inre
518 1412 621 1484 volere,
644 1413 753 1486 perinde
779 1430 810 1470 ee
832 1415 856 1468 si
874 1430 964 1469 rerum
985 1415 1093 1470 mentio

136 1497 207 1552 seete
219 1513 273 1552 non
289 1503 375 1567 esset,
396 1495 445 1552 sed
465 1497 553 1552 teneri
571 1496 695 1553 heredem
710 1498 856 1569 seriptum,
876 1505 922 1566 ut,
943 1506 1091 1553 contentus-

135 1579 216 1635 rebus
231 1579 281 1635 sibi
296 1579 379 1648 dotis,
401 1588 447 1634 rut
461 1578 586 1652 supplete
600 1587 694 1652 queris
708 1580 814 1654 exlege
830 1579 944 1636 Falcidia
951 1623 963 1652 ,,
980 1580 1087 1637 hereifi·

135 1663 358 1718 tetemrestituet
373 1663 432 1734 his,
454 1664 502 1734 qni
521 1663 548 1717 in
567 1664 657 1736 priore
678 1671 838 1720 testamento
859 1665 953 1738 scripti
968 1664 1089 1734 inerant,

135 1752 248 1818 propter
261 1746 363 1800 inserts
375 1744 455 1800 verba
469 1737 588 1802 seeundo
604 1754 778 1816 testamento,
800 1747 915 1820 quihus,
935 1755 969 1803 ut
985 1747 1088 1804 ratem

135 1829 211 1902 prius
226 1834 431 1899 teste-mentum,
446 1845 603 1901 expressum
617 1839 674 1900 est,
694 1829 810 1886 dubitari
825 1847 880 1886 nen
896 1831 1028 1904 oportet?
1059 1841 1089 1888 et

101 1924 119 1973 4
134 1919 244 1986 ruptum
259 1911 366 1986 quidem
385 1918 578 1968 testamentum
594 1913 648 1969 hoo
668 1913 752 1968 modo.
770 1912 896 1973 eiiioitur.
926 1907 1004 1972 ²rtlio
1019 1931 1091 1988 quo·

137 2012 190 2069 que
205 1995 285 2051 modo
301 2002 462 2051 testamenta
476 1997 533 2051 iure
548 1995 616 2053 itote
630 1995 806 2070 infirmentur,
820 1998 903 2054 veluti
916 2015 976 2054 oum
990 2001 1025 2069 is,
1040 2001 1092 2072 quii

135 2079 231 2135 iecerit
245 2086 442 2149 testamentum,
458 2081 545 2152 eapite
560 2080 712 2136 deminutus
726 2082 770 2136 sit.
800 2081 873 2154 quod
888 2081 984 2155 quibus
999 2083 1087 2139 modis

104 2163 249 2234 succidit,
272 2164 357 2235 primo
373 2161 441 2218 libro
456 2163 618 2221 rettulimus
654 2163 711 2220 Hoc
732 2169 821 2220 entem
844 2182 907 2221 orsu
927 2167 1002 2222 irrite
1028 2165 1086 2224 iieri

134 2253 293 2301 testamento
307 2245 447 2315 dicuntur,
468 2263 530 2302 eum
542 2247 660 2320 alioquin
680 2255 706 2302 et
726 2264 794 2320 quae
814 2258 988 2322 rumpentur,
1010 2252 1087 2308 irrite

135 2326 217 2398 iinnt,
238 2337 266 2384 et
281 2345 348 2400 quoe
363 2330 454 2384 stetim
468 2328 500 2384 ab
513 2331 592 2386 initio
612 2348 666 2387 non
686 2329 845 2402 irretiunt,
867 2334 942 2388 irrite
959 2342 1035 2390 sunt:
1059 2342 1087 2389 et

135 2427 182 2482 ee,
197 2427 266 2482 queo
279 2412 340 2468 iure
353 2411 423 2467 inste
435 2421 515 2484 sunt,
530 2422 624 2487 postes
639 2422 752 2488 propter
765 2417 859 2488 eapitis
874 2416 1085 2474 deminutionem

133 2495 209 2550 irrita
229 2492 313 2566 fiunt,
335 2511 480 2574 possumus
499 2497 582 2552 nihile
608 2499 695 2553 minus
724 2507 806 2572 rupte
822 2498 922 2556 dicere.
956 2501 1004 2556 sed
1024 2501 1087 2574 quie

134 2594 199 2633 sene
217 2577 386 2634 commodius
403 2587 461 2634 eret
479 2580 599 2654 singulos
622 2597 714 2636 censes
734 2583 849 2656 singuiis
863 2581 1086 2657 appeliationem

134 2661 274 2735 distingui,
288 2661 349 2717 ideo
365 2661 493 2734 quaedam
508 2680 564 2719 non
577 2666 635 2720 iure
646 2664 716 2720 itote
730 2665 867 2738 dicuntur,
883 2667 1012 2739 quaedem
1026 2669 1087 2723 mre

84 2744 207 2814 oothon
222 2748 310 2820 rumpi
324 2745 368 2801 vel
380 2747 457 2802 irrite
470 2744 536 2802 fient
566 2747 625 2803 Non
640 2754 728 2804 temen
742 2765 792 2821 per
806 2752 893 2806 omnio
904 2750 1006 2806 inuiiiiu
1020 2759 1085 2806 sumt

134 2845 164 2885 eo
178 2836 354 2902 enemente,
374 2846 444 2902 queo
464 2829 497 2886 eh
516 2831 592 2886 initio
607 2833 670 2886 iure·
686 2831 755 2888 frete
768 2840 881 2906 propter
895 2835 988 2907 ospitis
1003 2834 1085 2890 demi-

132 2915 271 2970 nutionem
292 2914 368 2970 irrite
387 2913 456 2970 ieete
476 2922 549 2970 sunt.
580 2931 641 2970 nem
661 2915 686 2970 si
703 2923 808 2988 septem
823 2918 934 2972 testium
947 2918 1034 2991 signis
1049 2919 1091 2973 si·-

133 3005 216 3069 gnete
227 3005 301 3067 sumt,
319 3004 411 3069 potest
426 2999 542 3071 scriptus
557 2999 635 3054 heres
650 2999 798 3055 seeundum
813 2999 917 3055 tthnias
932 3003 1085 3058 testamenti

131 3077 265 3136 benorum
280 3081 479 3152 possessionem
494 3097 656 3156 agnoscere,
676 3083 699 3138 si
719 3083 800 3138 modo
820 3083 963 3140 defunctus
977 3093 1006 3140 et
1019 3086 1085 3142 riuis

132 3161 266 3218 Romanus
281 3171 309 3218 et
322 3179 386 3220 sune
400 3166 543 3237 potestatis
558 3168 653 3221 mortis
668 3173 790 3240 tempore
800 3166 896 3222 fuerit:
911 3184 972 3224 nrm
985 3170 1011 3224 si
1022 3168 1087 3226 ideo

200 3355 219 3420 ¹)
234 3349 293 3418 fere
309 3380 343 3402 =
360 3360 392 3412 L.
410 3361 454 3410 29.
474 3362 508 3415 D.
531 3363 569 3412 od
583 3361 636 3412 SO.
658 3362 765 3414 ueteri.
783 3361 839 3427 (36,
859 3361 884 3429 1)
903 3380 938 3415 etr
955 3365 1087 3416 Marciani

131 3425 281 3474 unimur.
349 3423 975 3492 ’itt4...esm=oaes,ere...1sr.
