2500 3890
328 198 364 232 os
382 197 530 234 vanorum
548 196 728 233 onurcaurortr
747 184 798 243 111,
818 184 849 232 15
866 180 931 249 (16).
1049 180 1110 245 129

525 382 582 423 rur.
596 382 639 422 xv
653 379 733 432 (ΧΠ).

360 467 410 517 DE
427 466 630 519 VERBORUM
647 465 903 519 onultiautonn.

219 581 331 645 ¹Verbis
347 587 475 662 obligatio
491 587 660 644 contrahitur
678 604 710 643 er
729 589 941 663 interrogatione
955 596 983 646 et
997 600 1158 663 respon-1³1.

158 667 264 738 sione,²
284 689 345 729 cum
366 672 429 744 quid
451 671 508 727 dari
524 669 613 726 fierive
628 670 704 727 nobis
719 670 890 744 stipulamur.
927 689 959 728 er
974 689 1026 745 qua
1042 674 1109 730 duae

157 755 363 829 proficiscuntur
377 756 513 824 senones,
533 763 587 811 tam
602 755 752 827 condictio,
768 757 791 811 si
810 765 882 813 certa
903 758 939 812 sit
959 757 1108 831 stipulatio,

157 856 233 912 quam
248 857 281 896 er
296 839 442 913 stipulatu,
461 840 483 894 si
496 841 607 895 incerta.
644 855 711 911 quae
726 838 779 894 hoc
800 841 907 895 nornine
928 840 990 896 inde
1012 841 1108 912 utitur,

157 925 215 996 quia
230 923 362 996 stipulum
381 924 451 997 apud
471 933 575 979 veteres
597 921 702 977 firmum
723 922 925 996 appellabatur,
944 923 1017 980 sorte
1032 926 1108 980 asti·

157 1009 208 1080 pite
223 1007 398 1063 descendens.

215 1091 245 1146 ln
268 1091 318 1146 hac
344 1107 373 1147 re
403 1090 466 1146 olim
494 1089 554 1144 talia
581 1090 660 1146 verba
683 1090 779 1145 tradita
800 1089 923 1148 luerunt:
951 1089 1139 1148 spononstl

113 1202 117 1214 ·
157 1190 312 1242 sronnuo,
334 1173 521 1231 Pnourrmsi
542 1188 715 1245 rnourrro,
735 1175 999 1232 rrournourrrrs?
1019 1191 1107 1232 umu-

158 1274 332 1328 snouruuo,
347 1257 531 1315 urourueusi
545 1271 729 1327 urourueuo,
744 1259 856 1314 Daorsi
870 1274 964 1329 oenc,
978 1259 1108 1317 unctus?

155 1357 279 1399 sacram,
316 1348 406 1397 utrum
427 1350 515 1396 autem
534 1339 626 1396 Latina
648 1358 680 1396 an
695 1340 792 1397 Graeca
813 1341 855 1396 vel
874 1358 925 1414 qua
946 1341 995 1397 alia
1014 1342 1108 1416 lingua

157 1425 294 1499 stipulatio
310 1425 491 1497 concipiatur,
506 1423 573 1479 nihil
589 1426 717 1492 interest,
738 1424 840 1479 scilicet
854 1425 877 1480 si
894 1433 1007 1497 uterque
1021 1428 1107 1498 stipu-

156 1508 266 1564 lantium
294 1508 461 1564 intellectum
489 1507 568 1562 huius
592 1506 699 1580 linguae
722 1506 829 1562 habeat:
858 1524 908 1563 nec
933 1524 1043 1564 necesse
1065 1516 1108 1564 est

157 1592 245 1649 eadem
261 1593 355 1665 lingua
370 1600 513 1663 utrumque
529 1592 586 1660 uti,
607 1590 654 1646 sed
669 1589 768 1646 sufficit
783 1599 964 1663 congruenter
978 1592 1011 1646 ad
1025 1594 1108 1648 iuter-

156 1686 280 1750 rogatum
292 1676 471 1749 respondere:
489 1674 643 1748 quinetiam
656 1674 709 1730 duo
723 1674 815 1730 Graeci
826 1675 917 1730 Latina
931 1675 1024 1749 lingua
1040 1675 1107 1734 obli·

157 1762 292 1833 gationem
314 1759 473 1816 contrahere
488 1766 611 1831 possunt.
648 1758 695 1814 sed
710 1758 776 1815 haec
791 1757 929 1815 sollemnia
950 1759 1029 1816 verba
1044 1760 1107 1816 olim

156 1843 261 1916 quidem
280 1845 309 1899 in
329 1860 380 1899 usu
401 1843 524 1899 luerunt:
547 1851 642 1916 postea
663 1852 750 1898 antem
774 1841 908 1899 Leoniana
930 1837 1108 1900 constitutio³

156 1926 206 1982 lata
221 1936 279 1999 est,
295 1943 378 1998 quae,
393 1926 572 1982 sollemnitate
586 1925 728 1982 verborum
743 1925 863 1997 sublata,
878 1944 987 1982 sensum
1001 1937 1029 1982 et
1044 1944 1108 1983 con·

157 2020 295 2066 sonantem
311 2010 478 2066 intellectum
500 2009 532 2066 ab
552 2019 664 2082 utraque
680 2019 754 2083 parte
770 2010 858 2065 solum
874 2010 1024 2082 desiderat,
1043 2011 1107 2066 licet

155 2095 366 2166 quibuscumque
380 2094 467 2149 verbis
482 2109 624 2166 expressus
639 2102 690 2149 est.

217 2178 308 2234 Omnis
328 2176 465 2249 stipulatio
485 2185 530 2232 aut
549 2193 617 2250 pure
629 2186 675 2232 aut
696 2176 807 2231 indiam
823 2183 869 2234 aut
885 2175 934 2231 sub
949 2176 1107 2233 condicione
1125 2175 1140 2223 2

156 2260 194 2320 lit.
224 2278 292 2336 pure
304 2260 386 2316 veluti
398 2276 535 2324 omnouu
547 2277 667 2318 annuos
678 2276 762 2316 osen
778 2257 934 2317 secunus?
948 2260 1029 2333 idque
1043 2277 1108 2317 cou-

156 2345 243 2402 iestim
256 2347 312 2419 peti
322 2352 421 2418 potest.
452 2345 478 2398 in
497 2344 576 2415 diem,
595 2361 653 2400 cum
666 2344 770 2400 adiecto
788 2343 840 2407 die,
857 2361 910 2417 quo
926 2345 1038 2418 pecunia
1053 2346 1107 2402 sol·

155 2439 248 2501 vatur,
263 2428 403 2502 stipulatio
418 2425 462 2484 fit:
480 2428 560 2483 veluti
575 2443 680 2484 oncsu
694 2442 816 2485 numos
831 2444 937 2485 Pnrurs
951 2445 1107 2488 unuunnrs

154 2527 282 2571 manuus
298 2528 381 2569 nanu
398 2513 553 2570 scortona?
568 2513 593 2567 nt
610 2520 708 2582 autem,
724 2512 796 2584 quod
811 2514 839 2567 in
854 2513 922 2568 diem
937 2513 1107 2586 stipulamur,

154 2599 243 2654 statim
259 2596 366 2668 quidem
381 2596 508 2667 debetur,
529 2594 576 2650 sed
597 2597 651 2669 peti
673 2598 747 2668 prius
763 2612 842 2668 quam
858 2597 914 2652 dies
928 2599 1031 2668 veniat,
1052 2615 1106 2652 non

155 2689 258 2754 potest:
275 2697 305 2736 ac
319 2697 354 2735 ne
368 2696 401 2735 eo
417 2679 523 2751 quidem
539 2680 598 2753 ipso
613 2679 667 2748 die,
681 2681 709 2734 in
725 2696 802 2752 quem
818 2679 955 2752 stipulatio
971 2680 1040 2735 iacta
1055 2689 1106 2751 est,

153 2767 208 2838 peti
223 2771 326 2838 potest,
342 2765 402 2835 quia
418 2771 492 2818 totus
513 2756 578 2818 ille4
591 2763 647 2818 dies
659 2762 768 2819 arbitrio
780 2763 908 2819 solventis
920 2761 999 2818 tribui
1015 2762 1105 2819 debet.

155 2865 242 2921 neque
258 2849 327 2903 enim
343 2856 445 2902 certum
465 2855 523 2919 est,
545 2863 577 2902 eo
593 2847 649 2918 die,
669 2848 697 2902 in
713 2862 791 2920 quem
806 2846 968 2918 promissum
983 2854 1039 2916 est,
1061 2845 1106 2902 da-

154 2940 211 2988 tum
225 2948 281 2987 non
296 2947 371 3004 esse,
390 2933 546 3004 priusquam
567 2923 610 2985 is⁵
629 2937 788 3004 praetereat.
825 2930 860 2984 At
880 2930 902 2983 si
917 2930 953 2984 ita
967 2929 1105 3002 stipularis
1123 2931 1139 2980 3

222 3111 241 3175 ¹)
258 3127 300 3176 pr.
319 3112 352 3160 in.
370 3130 404 3152 ε·
421 3111 453 3164 L,
472 3112 494 3159 1.
513 3111 536 3171 §-
556 3113 579 3163 7,
597 3112 630 3159 D.
651 3111 682 3158 de
699 3109 747 3159 obl.
766 3115 793 3157 ct
809 3112 859 3161 acl.
879 3108 931 3171 (44,
952 3107 977 3172 l)
996 3124 1031 3159 ecc
1050 3109 1108 3158 Gaii

154 3181 171 3231 l.
190 3183 205 3228 2
227 3195 280 3229 rer.
304 3185 372 3243 quot.
457 3175 478 3239 ²)
500 3177 523 3226 Τ
537 3185 562 3228 ei
583 3177 699 3241 plerique
716 3177 790 3227 codd.
808 3177 866 3225 item
884 3176 939 3229 Gai.
957 3179 986 3238 3,
1006 3179 1047 3231 92.
1064 3177 1106 3226 ed.

155 3245 226 3298 Scir.
245 3261 376 3310 responso
395 3244 447 3295 AB
465 3259 595 3309 responsu
613 3245 671 3306 Dip.
692 3244 730 3292 Fl.
749 3245 790 3292 ed.
809 3243 857 3297 Ka,
926 3241 946 3304 ³)
966 3243 997 3292 L.
1018 3246 1057 3293 10.
1077 3243 1104 3293 0.

154 3315 185 3363 de
202 3322 282 3366 contr.
300 3331 322 3364 a.
342 3329 426 3366 comm.
443 3314 502 3376 stip.
521 3315 557 3376 (8,
576 3314 607 3362 at
626 3315 659 3360 al.
678 3310 729 3374 38).
814 3307 836 3374 4)
855 3309 879 3358 Β
901 3309 1010 3373 Theopln
1030 3314 1105 3360 lotus

154 3380 178 3429 is
198 3381 275 3431 Ted.
294 3381 368 3430 Salar.
387 3385 460 3430 tolus
478 3381 503 3430 A
521 3382 562 3430 ed.
581 3377 632 3432 Kr.
729 3375 749 3440 5)
768 3377 825 3426 ΒΤ
839 3379 931 3442 aliique
946 3379 1063 3444 plerique
1080 3378 1105 3429 is

154 3447 367 3501 mAQst
914 3489 915 3493 ,

186 3545 339 3582 svsuturanr
358 3545 574 3580 rusmrruronss.
936 3531 952 3578 9
