2492 3896
498 151 534 187 nn
551 151 670 187 crearis
685 137 720 200 Il,
739 139 779 192 20.
1078 131 1118 196 87

159 294 269 368 eligere
280 293 417 366 cupiente,
434 307 468 346 ne
479 299 572 365 pereat
584 291 702 364 legatum
715 284 801 367 (quod
813 292 936 364 plerique
947 289 1119 364 prudentium

160 387 261 433 eontra
275 375 486 431 benevolentiam
501 373 734 448 introducebant),
750 375 885 432 fortunam
900 391 959 430 esse
975 374 1055 429 huius
1070 389 1118 445 op-

161 462 249 517 tionis
265 458 378 514 iudicem
393 467 420 514 et
435 467 509 515 sorte
522 475 582 515 esse
598 459 649 514 boc
658 458 844 528 dirimendum,
861 467 901 529 ut,
917 457 948 513 ad
965 474 1044 530 quern
1058 473 1118 513 sors

161 545 319 619 perveniat,
334 542 406 598 illius
422 544 554 598 sententia
568 544 595 597 in
611 543 720 615 optione
736 543 889 615 praecellat.

230 627 324 700 Lagari
332 633 421 681 autern
430 625 483 681 illis
495 626 560 682 solis
572 634 673 698 potest,
689 642 749 680 curn
762 626 857 698 quibus
869 625 1021 682 testamenti
1037 625 1118 680 lactio
1136 629 1169 676 24

161 718 219 767 est
262 710 373 765 lncertis
387 725 450 764 vero
465 711 588 782 personis
608 725 695 782 neque
710 709 798 782 legata
813 726 901 782 neque
917 707 1118 764 fideicommissa
1135 713 1168 762 ts

161 795 231 852 olim
246 793 360 866 relinqui
375 808 533 849 eoncessum
554 802 623 848 erat:
645 809 704 847 narn
727 808 776 847 nec
792 793 866 847 miles
882 793 987 864 quidem
1002 794 1119 848 incertae

162 893 300 952 personae
328 884 435 948 poterat
456 876 622 949 relinquere,
651 884 680 932 ut
707 876 781 931 divus
803 875 951 931 lladrlanus
973 876 1119 947 rescripsit.

165 955 289 1017 ¹inoerta
300 968 388 1015 autern
400 975 514 1033 persona
524 959 672 1029 videbatur,
688 975 765 1033 quam
778 959 878 1014 incerta
890 961 1015 1032 opinione
1031 960 1118 1013 animo

163 1062 217 1101 suo
234 1052 349 1100 testator
363 1041 525 1114 subiciebat,
545 1043 629 1098 veluti
646 1045 668 1098 si
691 1044 749 1116 quis
771 1045 807 1098 ita
828 1043 911 1098 dicat:
937 1057 1118 1106 ourouuoun

164 1144 253 1186 nimo
267 1142 331 1183 uno
347 1143 380 1182 rs
394 1140 615 1184 mentmomuu
628 1143 737 1183 mim
756 1141 838 1184 sunu
853 1119 1118 1194 eonnoonvnnrr,²

165 1225 401 1269 urnnnnnnnus
413 1226 647 1267 tunuuuuunuu
658 1225 756 1267 nano:
772 1210 836 1266 illud
853 1227 971 1284 quoque,
988 1209 1060 1282 quod
1077 1209 1118 1264 his

166 1294 387 1366 relinquebatur,
410 1295 456 1365 qui
469 1301 533 1367 post
548 1301 735 1348 testamentum
750 1296 880 1366 scripturn
895 1296 972 1366 primi
992 1292 1118 1348 consules

165 1379 301 1451 designati
317 1386 414 1446 erunt,
436 1393 520 1450 aeque
539 1378 657 1432 incertae
671 1392 802 1449 personae
817 1377 900 1450 legari
918 1376 1068 1432 videbatur:
1091 1385 1119 1431 et

166 1463 284 1533 denique
298 1461 397 1516 multae
412 1460 478 1515 aliae
491 1460 644 1515 huiusmodi
659 1461 761 1532 species
776 1468 848 1514 sunt.
885 1459 993 1515 libertas
1009 1474 1118 1532 quoque

166 1562 225 1602 non
239 1543 377 1600 videbatur
391 1559 472 1618 posse
486 1543 603 1600 incertae
617 1557 746 1616 personae
767 1543 840 1612 dari,
859 1545 920 1615 quia
936 1542 1055 1616 placebat
1069 1559 1118 1597 no·

167 1630 286 1684 minutim
307 1643 400 1683 servos
417 1626 533 1682 liberari.
577 1633 653 1682 tutor
674 1642 783 1699 quoque
801 1634 892 1681 certus
907 1627 962 1682 dari
977 1619 1118 1682 debebat.³

166 1713 219 1768 sub
235 1721 305 1768 certa
320 1727 383 1767 vero
398 1710 638 1780 demonstratione,
653 1710 736 1766 idest
751 1726 783 1765 er
797 1713 878 1765 certis
894 1712 1017 1783 personis
1032 1710 1118 1766 incer·

167 1806 212 1852 tae
227 1811 357 1868 personae
373 1802 444 1850 recte
458 1793 615 1867 legabatur,
634 1794 717 1848 veluti
732 1811 772 1850 nx
788 1809 942 1851 ooennrrs
957 1809 1047 1864 unte,
1064 1809 1118 1858 our

166 1894 249 1938 nouo
268 1894 363 1947 suun,
390 1892 420 1934 ar
441 1892 511 1941 ouis
530 1893 638 1934 murnai
658 1893 746 1934 untur
765 1893 891 1935 uxonnnr
912 1894 1062 1949 nuxnnrr,
1086 1893 1118 1937 ur

166 1977 268 2020 uenus
277 1976 359 2019 unus
370 1977 466 2017 runnu
477 1977 541 2018 nnrr
552 1977 647 2019 nero.
677 1963 787 2016 incertis
796 1971 883 2017 autern
896 1963 1018 2034 personis
1030 1961 1118 2034 legata

166 2047 209 2103 vel
219 2045 421 2101 fideicommissa
429 2045 522 2099 relicta
533 2053 560 2099 et
572 2061 621 2118 per
632 2059 751 2100 errorem
764 2043 852 2099 soluta
863 2046 949 2117 repeti
961 2061 1015 2099 non
1028 2060 1118 2116 posse,

167 2131 250 2186 saeris
270 2127 510 2185 constitutionibus
530 2137 636 2184 cautum
657 2135 723 2182 erat.
759 2127 887 2182 Postumo
908 2143 1016 2199 quoque
1031 2126 1117 2182 alieno
1136 2133 1168 2181 to

168 2212 300 2271 inutiliter
314 2210 465 2284 legabatur:
488 2220 531 2266 est
552 2219 640 2266 autern
663 2209 767 2266 alienus
788 2219 946 2283 postumus,
969 2211 1013 2282 qui
1040 2218 1118 2266 uatus

168 2301 239 2354 inter
250 2311 315 2351 suos
328 2294 441 2350 heredes
452 2296 588 2350 testatoris
600 2294 707 2350 iuturus
717 2310 770 2348 non
784 2302 838 2349 est:
855 2293 969 2368 ideoque
984 2309 1016 2349 er
1031 2309 1119 2350 ernan-

166 2383 255 2454 cipato
270 2378 326 2434 lilio
341 2386 487 2451 conceptus
502 2394 587 2451 nepos
602 2386 742 2433 extraneus
753 2385 811 2432 erat
821 2384 963 2451 postumus
978 2394 1036 2434 avo.
1066 2379 1119 2435 Sed
1136 2384 1168 2432 at

167 2481 219 2520 uec
232 2462 387 2518 huiusmodi
401 2462 504 2534 species
519 2463 626 2535 penitus
639 2462 747 2516 estsine
762 2462 831 2518 iusta
846 2462 1030 2518 emendatione
1045 2463 1120 2519 dere·

167 2549 248 2617 licta,
268 2562 329 2602 curn
344 2546 371 2599 in
386 2553 481 2600 nostro
497 2544 589 2601 codice
604 2539 786 2602 constitutio⁴
800 2548 887 2620 posita
902 2556 958 2617 est,
978 2563 1026 2621 per
1041 2563 1119 2619 quam

166 2639 195 2688 et
207 2631 270 2686 huic
282 2630 351 2703 parti
363 2622 545 2684 medevirnus⁶
559 2645 614 2684 non
628 2628 715 2684 solum
730 2632 755 2684 in
764 2627 967 2699 hereditatibus,
983 2631 1120 2685 sedetiam

167 2717 195 2770 in
210 2713 307 2786 legatis
324 2721 350 2768 et
365 2709 590 2768 fideicommissis:
606 2712 678 2784 quod
693 2713 829 2768 evidenter
844 2715 973 2786 exipsius
989 2713 1120 2768 constitu·

166 2799 250 2854 tionis
270 2796 385 2852 lectione
406 2795 538 2852 clarescit.
568 2804 644 2852 tutor
658 2803 746 2852 autent
761 2813 811 2851 nec
825 2812 874 2869 per
888 2801 1005 2851 nostram
1020 2797 1119 2851 consti·

169 2959 369 2970 ...-.—--—-

237 3057 259 3120 ¹)
276 3059 757 3119 §§.2o.2o.==dat.2,238...2tt
775 3065 832 3107 mut.
918 3055 939 3120 ²)
956 3059 993 3107 sic
1013 3058 1067 3111 Gai.
1084 3059 1119 3122 es.

170 3126 283 3189 Tlteopd.
301 3124 403 3174 dederit
415 3123 443 3174 id
460 3131 502 3174 est
515 3124 688 3175 collocaverit
699 3127 773 3175 codd.
793 3132 840 3174 oet.
860 3131 886 3174 et
901 3127 1016 3190 plerique
1034 3128 1119 3175 ceteri.

166 3193 274 3246 dederit
300 3194 339 3242 ed.
363 3192 436 3240 Scdr.
514 3191 536 3250 θ)
556 3198 630 3241 tutor
648 3209 672 3256 q.
690 3209 713 3245 c.
731 3191 756 3241 d.
783 3191 895 3240 debebat
918 3191 972 3241 Gai.
996 3193 1045 3241 W·
1068 3209 1121 3242 curn

164 3262 258 3327 paucis
274 3254 352 3320 infer.
370 3275 416 3309 om.
434 3259 518 3308 BPE
529 3259 566 3308 W
570 3257 582 3292 b
603 3258 713 3321 Theopd.
781 3257 802 3318 ⁴)
822 3275 885 3322 quae
902 3260 986 3322 periit.
1005 3260 1039 3319 cf.
1052 3261 1083 3313 L.
1097 3262 1120 3311 1.

166 3329 196 3378 0.
214 3329 248 3378 de
265 3329 313 3376 inc.
329 3343 400 3390 perr.
419 3325 454 3389 (6,
465 3325 520 3391 48).
589 3326 612 3388 ⁵)
620 3329 657 3375 sic
669 3324 738 3375 BElt
750 3327 785 3376 W
789 3331 807 3388 ¹,
825 3325 987 3375 medebimur
998 3327 1061 3376 PE·
1071 3327 1109 3377 W
1109 3325 1121 3361 ¹2

166 3395 304 3446 medemur
321 3395 372 3444 alii.
425 3426 426 3430 ,
