2500 3890
378 229 413 264 ne
432 229 583 267 nonninus
602 231 762 267 ecmonreue
780 217 832 276 IV,
851 219 874 268 8.
1044 215 1103 280 183

557 463 612 504 III.
627 464 693 504 vm.

366 567 416 616 nn
432 545 639 618 uoxnnrnus
658 561 886 619 Aomonmus.

214 697 270 760 ¹Ex
285 703 421 760 maleficiis
432 719 580 774 serrorum,
596 704 679 761 veluti
691 707 713 760 si
723 705 826 761 lurtum
841 706 956 765 fecerint
971 715 1017 764 aut
1032 707 1100 764 bona
1114 701 1149 742 er.

150 791 287 861 rapuerint
316 797 363 844 aut
390 787 512 843 damnum
540 787 662 843 dederint
690 797 735 843 aut
763 791 885 845 iniuriam
908 793 1100 863 commiserint,

149 872 257 927 noxales
278 874 396 928 actiones
418 871 539 944 proditae
562 880 641 942 sunt,
665 872 761 944 quibus
777 872 885 929 domino
901 875 1025 930 damnato
1040 893 1101 948 per·

149 957 278 1025 mittitur,
300 962 346 1010 ant
366 954 421 1010 litis
442 956 652 1012 aestimationem
674 956 785 1012 sullerre
806 966 852 1012 aut
867 958 999 1014 hominem
1015 975 1100 1015 noxae

148 1040 256 1095 dedere.
286 1038 358 1094 Nora
374 1047 463 1094 autem
478 1047 520 1094 est
538 1055 653 1111 corpus,
675 1040 747 1112 quod
762 1042 870 1112 nocuit,
892 1041 918 1097 id
935 1050 976 1096 est
991 1057 1097 1098 servus:
1118 1043 1131 1090 1

148 1125 227 1179 noxia
242 1125 330 1196 ipsum
346 1120 521 1192 maleficium,
540 1122 622 1178 veluti
637 1123 756 1194 lurtum,
775 1123 913 1194 damnum,
936 1126 1042 1197 rapina,
1057 1126 1097 1181 in·

147 1208 224 1262 iuria.
270 1207 376 1261 Summa
397 1214 485 1262 autern
506 1206 609 1261 ratione
628 1209 786 1279 permissum
808 1217 848 1265 est
863 1223 947 1264 noxae
962 1209 1099 1265 deditione
1116 1213 1131 1259 2

148 1290 275 1364 defungi:
291 1282 425 1361 ²namque
440 1296 497 1344 erat
511 1291 648 1362 iniquum,
669 1293 813 1362 nequitiam
832 1308 926 1348 eornm
942 1293 1011 1348 ultra
1026 1294 1099 1366 ipso·

147 1391 207 1429 rnm
224 1389 338 1446 corpora
359 1373 475 1428 dominis
491 1372 642 1428 damnosam
658 1390 726 1429 esse.
756 1374 882 1430 Dominus
897 1376 986 1432 noxali
999 1377 1098 1432 iudicio
1116 1383 1132 1430 3

148 1459 218 1513 servi
233 1460 275 1512 sui
292 1457 399 1512 nomine
411 1464 569 1526 conventus,
585 1473 690 1512 servum
706 1459 790 1513 actori
805 1474 890 1514 noxae
902 1458 1022 1515 dedendo
1035 1459 1099 1515 libe·

147 1549 232 1596 ratur.
270 1556 320 1596 neo
339 1541 427 1595 minus
447 1547 608 1613 perpetuum
628 1541 685 1595 eius
700 1540 845 1596 dominium
861 1559 875 1596 a
890 1543 997 1598 domino
1013 1551 1099 1598 trans·

148 1624 248 1680 fertur:
264 1626 286 1679 si
305 1633 394 1679 autem
409 1624 533 1679 damnum
549 1625 584 1694 ei,
601 1625 643 1678 cui
658 1623 763 1679 deditus
778 1632 835 1696 est,
850 1627 1001 1681 resarcierit
1017 1642 1098 1698 quae·

147 1711 199 1764 sita
215 1709 342 1781 pecunia,
358 1707 455 1762 auxilio
470 1708 617 1780 praetoris,
638 1709 720 1764 invito
736 1707 862 1781 domino,
878 1704 1100 1766 manumittitur.³

148 1786 237 1848 4Snnt
248 1800 336 1846 autern
349 1793 511 1846 constitutae
523 1791 632 1846 noxales
643 1794 760 1862 actipnes
773 1802 819 1848 aut
837 1792 941 1866 legibus
952 1803 998 1849 ant
1010 1795 1097 1851 edicto
1115 1801 1132 1848 4

147 1877 296 1950 praetoris:
311 1874 417 1948 legibus
432 1874 514 1930 veluti
529 1875 594 1930 furti
605 1876 664 1948 lege
680 1875 819 1932 duodecim
836 1877 995 1947 tabularum,
1011 1878 1098 1934 damni

147 1961 261 2016 iniuriae
282 1957 343 2030 lege
362 1957 482 2030 Aquilia:
505 1959 592 2014 edicto
613 1961 744 2032 praetoris
764 1959 845 2015 veluti
860 1962 1015 2016 iniuriarum
1032 1970 1060 2016 et
1075 1963 1098 2016 vi

146 2043 281 2099 honorum
300 2048 449 2114 raptorum.
487 2041 577 2096 Omnis
598 2051 686 2096 autem
707 2043 808 2096 noxalis
832 2045 901 2099 actio
916 2051 995 2116 caput
1009 2047 1131 2116 sequi-n

148 2136 201 2186 tur.
232 2142 293 2181 nam
314 2126 336 2180 si
356 2141 449 2180 servus
471 2133 533 2181 tuus
548 2126 653 2179 noxiam
669 2127 846 2196 commiserit,
870 2126 995 2198 quamdin
1010 2129 1037 2182 in
1053 2136 1097 2182 tua

146 2216 282 2285 potestate
303 2211 354 2280 sit,
378 2217 466 2264 tecum
486 2216 528 2264 est
548 2210 632 2263 actio:
655 2208 677 2262 si
692 2208 719 2262 in
735 2207 843 2263 alterins
859 2217 1022 2281 potestatem
1037 2228 1099 2283 per·

147 2295 265 2365 venerit,
286 2309 346 2348 cum
361 2292 408 2347 illo
425 2293 518 2365 incipit
534 2292 603 2346 actio
619 2308 693 2361 esse,
716 2300 761 2346 ant
776 2293 797 2346 si
812 2294 989 2348 manumissus
1006 2294 1098 2368 inerit,

147 2379 250 2434 directo
272 2378 329 2449 ipse
351 2384 458 2430 tenetur
478 2386 505 2431 et
526 2375 691 2447 extinguitur
705 2391 790 2431 noxae
806 2376 915 2432 deditio.
945 2394 977 2432 ex
992 2377 1098 2435 diverso

146 2477 257 2534 quoqne
277 2459 377 2515 directa
398 2462 466 2514 actio
487 2458 589 2514 noxalis
609 2476 670 2514 esse
683 2460 789 2532 incipit:
812 2477 872 2515 nam
893 2462 914 2515 si
934 2460 1003 2517 liber
1017 2463 1098 2519 homo

147 2547 253 2600 noxiam
269 2544 430 2599 commiserit
451 2544 515 2598 etis
530 2559 623 2597 servus
640 2551 703 2597 tuns
719 2560 778 2598 esse
793 2545 913 2617 coeperit
929 2537 1015 2622 (qnod
1031 2548 1097 2602 casi-

146 2628 197 2684 bus
219 2626 375 2700 quibnsdam
396 2623 467 2682 ellici
487 2627 573 2699 primo
594 2625 663 2680 libro
685 2626 841 2683 tradidimus
851 2621 885 2702 ,⁵)
901 2629 994 2700 incipit
1010 2639 1097 2684 tecum

147 2729 207 2768 esse
218 2709 320 2766 noxalis
333 2711 413 2780 actio,
431 2727 498 2781 quae
509 2717 570 2765 ante
583 2709 681 2764 directa
700 2710 804 2766 luisset.
838 2711 865 2766 Si
880 2728 973 2766 servus
990 2713 1098 2769 domino
1116 2719 1131 2766 6

147 2796 254 2851 noxiam
275 2795 452 2864 commiserit,
473 2795 542 2850 actio
558 2793 629 2849 nulla
644 2796 776 2849 nascitur:
799 2811 913 2866 namque
928 2797 999 2850 inter
1014 2794 1098 2851 dorni·

146 2896 211 2934 num
227 2885 254 2933 et
270 2895 346 2948 eum,
367 2877 413 2949 qui
433 2879 460 2932 in
481 2879 537 2932 eius
561 2886 694 2949 potestate
715 2883 769 2946 est,
783 2877 865 2933 -nnlla
882 2877 1009 2950 obligatio
1025 2883 1097 2935 nasci

146 2969 245 3037 potest.
275 2961 390 3033 ideoque
405 2970 432 3016 et
447 2962 470 3015 si
485 2962 511 3016 in
527 2960 638 3016 alienam
659 2967 821 3034 potestatem
837 2978 929 3016 servus
945 2963 1098 3034 pervenerit

146 3053 194 3102 aut
209 3046 384 3100 manumissus
399 3045 494 3113 luerit,
517 3060 605 3116 neque
620 3061 680 3099 cnm
694 3045 753 3116 ipso
770 3060 857 3116 neque
873 3061 933 3100 cum
949 3062 1001 3118 eo,
1021 3047 1097 3102 cuins

214 3273 234 3338 1)
252 3276 359 3337 fm=
378 3264 433 3324 carl
451 3276 482 3328 4,
502 3277 543 3324 aa.
624 3272 644 3336 ²)
661 3275 718 3336 fere
735 3294 768 3314 =
788 3274 843 3322 aar.
860 3277 883 3333 4,
902 3275 934 3325 aa
949 3278 994 3338 fin.
1075 3273 1097 3341 ³)

146 3345 215 3393 multi
239 3344 312 3393 codd.
342 3343 418 3404 infer.
447 3341 558 3404 Tlreoplt.
590 3341 795 3390 manumittetur
820 3343 912 3406 reliqui
937 3345 1010 3394 codd.
1039 3346 1098 3395 edd.

146 3411 218 3463 Soleo.
236 3417 261 3458 et
279 3410 328 3459 Kr.
398 3405 419 3470 ⁴)
439 3409 477 3469 55.
496 3410 599 3458 4...6
615 3409 673 3470 fere
690 3429 723 3448 =
743 3408 797 3457 Gai.
816 3411 840 3470 4,
860 3411 1006 3462 76...78.
1076 3412 1096 3476 ⁵)

146 3478 170 3538 5.
188 3480 212 3527 4.
230 3477 255 3532 1,
274 3479 305 3526 de
322 3479 377 3526 iure
391 3491 463 3540 pers.
482 3473 516 3539 (1,
535 3474 561 3537 3)
580 3476 602 3534 5.
622 3478 643 3524 1.
663 3475 687 3524 I.
706 3477 737 3525 de
754 3491 812 3538 cap.
831 3477 887 3526 min.
908 3480 942 3537 (1,
962 3477 1012 3542 ta).
