2492 3896
110 197 172 260 104
210 215 246 249 nn
265 212 439 262 nncsmram,
456 211 529 254 onan
546 212 581 247 ns
598 211 749 248 rnresrnro
766 211 950 248 muranenses
967 197 1019 260 111,
1039 200 1062 252 1.

111 357 198 411 omnia
217 356 274 410 iura
294 356 330 409 ita
351 355 466 429 servari,
486 361 567 425 atque
588 355 610 408 si
630 355 658 409 in
678 353 762 427 patris
783 351 912 408 naturalis
927 359 1064 425 potestate

109 439 302 513 permansisset
317 454 368 494 nec
382 438 490 510 penitus
507 436 616 509 adoptio
633 436 715 492 luerit
729 436 888 492 subsecuta:
902 437 953 491 nisi
968 437 995 490 in
1011 435 1065 491 hoc

110 521 295 578 tantummodo
311 537 389 589 casn,
406 529 437 576 ut
451 522 539 594 possit
550 520 582 576 ab
595 521 722 576 intestato
738 519 770 575 ad
786 522 870 592 patris
887 519 1003 592 adoptivi
1018 535 1064 575 ve·

109 608 166 661 nire
182 606 390 660 successionem.
420 613 582 660 testamento
603 610 693 659 autem
715 603 747 658 ab
769 619 800 659 eo
816 603 888 660 laeto
904 618 991 675 neque
1005 603 1066 657 iure

109 689 180 745 civili
198 704 285 761 neque
306 689 440 761 praetorio
461 687 561 761 aliquid
582 704 613 743 ex
632 687 781 743 hereditate
802 689 859 742 eius
874 687 1000 760 persequi
1015 702 1064 758 po·

109 781 164 828 test
185 788 272 844 neque
294 781 386 827 contra
408 771 509 827 tabulas
529 770 661 827 honorum
683 772 857 844 possessione
872 772 961 843 agnita
976 785 1066 842 neque

109 854 252 911 inofficiosi
267 855 377 927 querela
391 857 532 926 instituta,
552 870 613 910 cum
628 870 678 910 nec
692 857 838 911 necessitas
853 856 923 928 patri
938 853 1065 926 adoptivo

109 940 257 1012 imponitur
271 939 313 994 vel
329 939 455 994 heredem
471 954 531 993 eum
547 939 689 994 instituere
703 937 745 992 vel
760 937 951 993 exheredatum
966 936 1066 1006 lacere,

110 1030 206 1097 utpote
220 1022 295 1078 nullo
315 1023 430 1078 naturali
450 1021 556 1077 vinculo
571 1021 738 1094 copulatum:
760 1037 847 1094 neque
862 1022 884 1076 si
900 1037 932 1077 ex
947 1018 1068 1075 Sabinia-

109 1100 166 1162 no¹
188 1105 422 1162 senatusconsulto
445 1121 478 1162 ex
494 1104 578 1160 tribus
594 1103 711 1161 maribus
727 1104 807 1160 luerit
822 1104 979 1178 adoptatus3
1004 1120 1067 1159 nam

110 1191 179 1246 etin
199 1190 351 1245 huiusmodi
372 1205 435 1245 casu
457 1204 545 1261 neque
566 1197 659 1261 quarta
681 1189 705 1244 ei
725 1196 848 1243 servatur
864 1205 913 1244 neo
927 1187 980 1242 ulla
995 1188 1068 1242 actio

110 1272 142 1328 ad
153 1275 209 1329 eius
219 1274 433 1346 persecutionem
451 1274 476 1328 ei
492 1274 631 1346 competit.
661 1281 754 1327 nostra
767 1279 855 1328 autem
871 1272 1069 1327 constitutione

110 1365 238 1430 exceptus
253 1358 341 1429 estis,
357 1373 436 1429 quem
452 1373 548 1430 parens
564 1355 690 1411 naturalis
705 1354 884 1429 adoptandum
901 1355 1066 1428 susceperit:

110 1450 227 1513 utroque
243 1442 312 1496 onim
331 1442 389 1496 iure
410 1448 464 1496 tam
484 1440 597 1496 naturali
617 1456 696 1512 quarn
711 1439 832 1513 legitimo
847 1439 874 1494 in
890 1438 957 1493 hano
971 1453 1069 1511 perso·

110 1539 171 1581 nam
180 1533 368 1594 concurrente,
383 1525 496 1598 pristina
508 1526 566 1579 iura
575 1525 620 1579 tali
631 1522 769 1596 adoptioni
781 1523 953 1591 servavimus,
973 1537 1069 1593 quem·

110 1608 252 1665 admodum
268 1610 290 1663 si
305 1608 493 1682 paterfamilias
508 1625 568 1662 sese
583 1607 687 1662 dederit
701 1604 894 1680 adrogandum.
920 1621 989 1676 quae
1005 1621 1069 1678 spe-

110 1692 214 1748 cialiter
226 1700 254 1748 et
268 1692 424 1765 singillatim
435 1708 467 1746 ex
478 1691 612 1764 praefatae
623 1690 825 1747 constitutionis
841 1697 935 1745 tenore
949 1698 1070 1762 possunt

109 1775 210 1849 colligi.

62 1871 93 1920 15
174 1859 239 1914 ltem
254 1864 388 1928 vetustas,
404 1874 437 1913 ex
451 1857 575 1913 masculis
591 1856 751 1931 progenitos
766 1855 827 1930 plus
843 1856 974 1929 diligens,
991 1855 1070 1912 solos

110 1951 224 2017 nepotes
239 1940 280 1999 vel
294 1949 405 2015 neptes,
428 1943 475 2014 qui
491 1958 521 1996 ex
536 1941 607 1996 virili
621 1957 688 1997 seru
703 1939 885 2011 descendunt,
907 1940 938 1995 ad
954 1949 1068 1998 suorum

111 2027 223 2084 vocabat
238 2026 436 2084 successionem
452 2034 479 2080 et
493 2025 546 2080 iuri
561 2025 740 2098 adgnatorum
752 2040 799 2080 eos
811 2021 1000 2097 anteponebat:
1018 2039 1069 2079 ne·

111 2119 189 2184 potes
205 2119 305 2184 autem,
320 2110 367 2182 qui
383 2125 414 2164 ex
430 2108 533 2164 filiabus
550 2111 603 2163 nati
618 2115 690 2178 sunt,
708 2116 735 2163 et
750 2115 916 2181 pronepotes
932 2123 964 2162 ex
980 2109 1071 2180 nepti·

111 2195 160 2250 bus
176 2204 352 2268 cognatorum
367 2193 429 2250 loeo
444 2209 601 2264 numerans,
618 2200 681 2265 post
700 2191 878 2264 adgnatorum
899 2190 996 2245 lineam
1019 2207 1069 2246 eos

111 2277 223 2334 vocabat
244 2287 295 2334 tam
315 2279 342 2332 in
358 2279 398 2332 avi
418 2277 461 2332 vel
479 2277 572 2350 proavi
594 2276 707 2330 materni
722 2291 802 2346 quam
817 2275 844 2328 in
860 2275 931 2328 aviae
947 2274 989 2329 vel
1003 2291 1070 2346 pro·

112 2362 184 2415 aviac
203 2362 258 2417 sive
277 2369 403 2434 paternae
423 2362 478 2414 sive
499 2369 634 2414 maternae
653 2359 860 2414 successionem.
903 2357 955 2412 divi
978 2365 1069 2413 autem

112 2439 266 2517 principes²
286 2461 339 2500 non
354 2444 425 2516 passi
440 2450 503 2498 sunt
519 2441 599 2500 talem
621 2451 714 2498 contra
735 2448 856 2496 naturam
872 2441 995 2496 iniuriam
1009 2443 1070 2496 sine

113 2529 276 2601 competenti
296 2526 481 2583 emendatione
502 2527 668 2599 relinquere:
691 2525 738 2580 sed
759 2541 820 2580 eum
840 2525 946 2597 nepotis
962 2533 989 2579 et
1003 2540 1069 2596 pro-

112 2611 218 2684 nepotis
241 2626 338 2667 nomen
360 2625 500 2666 commune
522 2618 563 2665 est
586 2610 723 2681 utrisque,
745 2610 792 2679 qui
814 2617 867 2663 tam
889 2623 921 2663 ex
943 2607 1069 2663 masculis

112 2712 191 2768 quam
207 2712 239 2750 ex
253 2694 358 2750 leminis
374 2692 549 2762 descendunt,
571 2693 631 2748 ideo
646 2692 760 2746 eundem
776 2691 888 2766 gradum
904 2699 931 2746 et
947 2690 1069 2747 ordinem

113 2780 292 2836 successionis
308 2779 346 2833 eis
362 2776 542 2832 donaverunt:
558 2775 605 2831 sed
623 2784 651 2830 ut
663 2775 761 2847 aliquid
777 2775 890 2848 amplius
906 2776 942 2830 sit
957 2775 1005 2846 eis,
1021 2775 1070 2846 qui

113 2880 167 2919 uon
183 2862 270 2918 solum
286 2870 412 2932 naturae,
434 2859 482 2916 sed
503 2861 583 2915 etiam
603 2860 702 2914 veteris
716 2860 782 2913 iuris
797 2858 926 2932 suilragio
941 2859 1069 2914 muniun-

113 2955 173 3018 tur,
192 2949 346 3020 portionem
366 2952 496 3018 nepotum
515 2951 543 2998 et
563 2945 683 3016 neptium
704 2941 745 2997 vel
761 2941 898 3015 deinceps,
921 2940 1070 3013 dequibus

112 3047 193 3104 supra
222 3030 350 3100 diximus,
378 3027 457 3101 paulo
486 3027 654 3083 minuendam
685 3041 744 3081 esse
772 3027 1009 3096 existimaverunt,
1039 3035 1071 3081 ut

114 3116 199 3169 minus
215 3115 320 3169 tertiam
340 3120 444 3186 partem
464 3112 631 3185 acciperent,
651 3126 730 3182 quam
746 3118 830 3164 mater
845 3124 939 3165 eorum
955 3109 997 3164 vel
1012 3111 1070 3164 avia

180 3326 200 3389 ¹)
218 3329 256 3376 ita
277 3325 323 3376 TO
339 3341 393 3375 cum
416 3324 488 3375 libris
509 3342 553 3376 ms.
577 3326 638 3376 God.
655 3327 672 3378 l.
690 3341 712 3374 c.
730 3329 755 3373 et
777 3322 909 3386 Theophili
928 3323 1070 3387 plerisque.

113 3394 158 3444 clii
174 3395 221 3444 lloc
232 3409 319 3444 nomen
331 3394 401 3443 uarie
412 3399 590 3456 corruperunt.
626 3390 751 3441 Afinieno
764 3406 799 3440 eae
811 3388 836 3436 B
848 3397 875 3441 et
887 3389 998 3453 Theoplr.
1010 3391 1069 3444 cod.

113 3461 192 3514 Meas.
209 3462 250 3510 ed.
268 3460 319 3510 Kr.
388 3457 409 3515 ’l
428 3460 460 3508 L.
480 3463 505 3510 9.
523 3461 552 3511 0.
569 3463 601 3509 de
618 3461 670 3510 sais
688 3467 713 3508 et
729 3458 797 3522 tepla.
817 3456 860 3521 (6,
879 3457 931 3519 55).
