2500 3890
52 836 68 884 9

37 920 68 967 10

35 1757 64 1802 11

34 2425 66 2474 12

34 2510 66 2558 13

87 259 147 323 148
368 275 403 309 ns
422 273 552 309 munero
571 260 626 323 111,
639 261 677 310 26
696 258 759 323 (27).

86 426 209 472 auctores
224 423 299 470 recte
314 422 341 470 te
357 430 443 488 usque
457 415 488 470 ad
501 422 607 470 centum
624 431 721 470 aureos
737 422 859 470 acturum
874 414 1042 469 existimant:

86 516 157 572 quae
176 501 308 554 sententia
330 515 394 554 sane
415 498 559 571 benignior
580 507 630 553 est.
661 497 733 570 quod
755 499 778 552 si
799 497 910 552 minoris
932 497 1042 570 emeris,

84 581 193 639 habebis
208 582 311 638 scilicet
325 599 384 638 cum
401 599 434 638 eo
450 583 592 652 actionem,
607 583 732 653 quoniam
749 581 795 653 qui
810 580 926 650 mandat,
944 589 974 634 ut
989 579 1041 636 sibi

85 675 193 722 centum
208 658 369 722 aureorum¹
385 664 485 720 fundus
501 675 644 735 emeretur,
660 667 682 720 is
700 665 792 738 utique
807 664 946 720 mandasse
961 662 1042 719 intel·

85 750 202 823 legitur,
218 758 248 806 nt
262 751 388 820 minoris,
403 751 427 804 si
440 749 542 822 possit,
557 757 700 805 emeretur.

149 827 249 888 ²liecte
264 849 373 907 quoque
387 832 539 888 mandatum
555 840 736 902 contractum,
758 832 797 903 si,
818 830 881 886 dum
897 832 983 888 adhuc
998 833 1041 886 in·

86 925 161 990 tegra
175 934 219 973 res
234 918 286 987 sit,
302 925 458 974 revocatum
479 916 576 986 fuerit,
592 918 733 972 evanescit.
772 915 836 971 ltem
851 917 875 969 si
889 915 977 970 adhuc
998 916 1041 970 in·

84 1008 164 1074 tegro
187 1001 309 1056 mandato
332 1018 405 1056 mors
427 999 582 1055 alterutrius
603 1001 779 1070 interveniat,
801 998 828 1052 id
850 1007 893 1053 est
913 999 955 1054 vel
970 1000 1039 1068 eius,

85 1087 131 1157 qni
154 1085 330 1152 mandaverit,
351 1084 393 1139 vel
408 1085 481 1153 eius,
504 1086 550 1155 qui
565 1083 717 1139 mandatum
737 1084 903 1155 susceperit,
926 1082 1042 1138 solvitur

84 1168 245 1225 mandatum.
281 1167 328 1224 sed
349 1167 469 1222 utilitatis
491 1183 568 1223 causa
589 1177 728 1240 receptum
748 1175 804 1236 est,
826 1167 850 1221 si
870 1176 979 1222 mortuo
994 1182 1039 1238 eo,

85 1253 131 1325 qui
149 1252 196 1307 tibi
217 1251 394 1323 mandaverit,
417 1259 448 1306 tu
467 1252 609 1324 ignorans,
633 1267 693 1306 eum
708 1249 875 1321 decessisse,
895 1258 1040 1305 exsecutus

83 1336 173 1392 fueras
196 1336 362 1407 mandatum,
384 1352 464 1408 posse
488 1344 514 1390 te
536 1351 616 1409 agere
638 1334 753 1392 mandati
776 1335 895 1390 actione:
920 1333 1040 1405 alioquin

83 1421 153 1475 iusta
176 1428 203 1476 et
225 1419 370 1493 probabilis
391 1420 541 1493 ignorantia
564 1419 687 1474 damnum
711 1418 758 1474 tibi
780 1417 883 1474 alienat.
927 1427 955 1474 et
976 1418 1042 1473 hnic

83 1503 169 1560 simile
185 1513 242 1573 est,
258 1503 330 1576 quod
345 1503 461 1578 placuit,
482 1505 505 1558 si
520 1501 656 1558 debitores
672 1502 836 1558 manumisso
850 1500 1041 1574 dispensatore

83 1587 145 1643 litii
160 1603 209 1660 per
222 1590 400 1661 ignorantiam
416 1586 513 1644 liberto
529 1587 675 1655 solverim,
691 1586 798 1642 liberari
813 1601 875 1642 eos:
896 1601 957 1641 cum
973 1585 1041 1641 alio-

83 1673 148 1742 quin
160 1673 252 1727 stricta
265 1673 330 1726 iuris
346 1673 451 1725 ratione
463 1687 518 1726 non
536 1679 648 1742 possent
663 1669 784 1742 liberari,
806 1670 868 1741 qnia
883 1669 927 1725 alii
943 1670 1040 1725 solvis·

83 1763 159 1823 sent,
182 1769 260 1825 quam
275 1755 318 1809 cui
333 1754 438 1808 solvere
459 1753 609 1808 debuerint.
648 1745 815 1809 ³llandatum
832 1769 886 1808 uon
900 1755 1041 1827 suscipere

81 1835 195 1893 liberum
210 1844 266 1892 est:
287 1845 441 1909 susceptum
462 1846 550 1891 autem
571 1836 809 1894 consummandum
829 1846 874 1892 aut
889 1853 969 1908 quam
984 1839 1041 1911 pri-

84 1937 156 1976 mum
182 1919 387 1976 renuntiandum
416 1930 473 1990 est,
502 1927 533 1975 ut
559 1928 606 1975 aut
632 1923 898 1994 persemetipsum
920 1929 1040 1995 autper

83 2005 164 2060 alium
183 2005 293 2061 eandem
313 2019 368 2059 rem
389 2003 527 2059 mundator
546 2010 716 2077 exsequatur.
747 2021 806 2059 nam
822 2006 872 2060 uisi
888 2006 923 2059 ita
938 2021 1040 2060 renun-

82 2091 178 2158 tiatur,
202 2097 233 2143 ut
247 2091 351 2161 integra
366 2104 444 2143 causa
460 2087 607 2142 mandatori
622 2095 776 2143 reservetur
790 2087 902 2144 eandem
918 2105 975 2144 rem
991 2105 1040 2144 ex·

81 2173 215 2248 plicandi,
229 2172 313 2228 nihilo
329 2173 416 2228 minus
433 2170 546 2226 mandati
562 2171 735 2250 actiolocum
750 2171 848 2238 habet,
864 2171 951 2227 nisisi
966 2173 1041 2228 iusta

83 2273 162 2314 causa
176 2257 328 2312 intercessit
348 2264 394 2311 ant
413 2271 468 2310 uon
490 2255 659 2310 renuntiandi
674 2263 720 2310 aut
734 2256 921 2328 intempestive
936 2271 1040 2312 renuu-

82 2339 174 2396 tiandi.

77 2413 80 2418 ’
145 2422 295 2477 blandatum
310 2431 338 2477 et
352 2423 378 2476 in
394 2422 463 2477 dem
478 2422 577 2478 differri
589 2431 617 2478 et
627 2422 677 2478 sub
688 2422 847 2479 condicione
861 2421 919 2479 fieri
933 2433 1039 2497 potest.

84 2507 112 2562 lu
134 2522 234 2560 summa
256 2504 394 2561 sciendum
416 2515 473 2578 est,
502 2505 668 2574 mandatum,
690 2508 742 2562 nisi
764 2508 913 2581 gratuitum
934 2511 988 2582 sit,
1010 2511 1040 2564 in

84 2590 160 2646 aliam
175 2589 287 2645 formam
303 2590 405 2663 negotii
420 2590 528 2645 cadere:
548 2605 607 2644 nam
623 2589 744 2646 mercede
759 2593 922 2663 constituta,
944 2593 1042 2666 incipit

83 2675 181 2733 locatio
197 2681 224 2730 et
240 2672 384 2729 conductio
400 2689 469 2729 esse.
501 2681 528 2728 et
543 2682 573 2728 ut
588 2673 748 2746 generaliter
762 2673 921 2730 dixerimus:
938 2675 1039 2748 quibus

84 2758 203 2829 casibus,
226 2759 284 2813 sine
307 2756 429 2813 mercede
451 2764 579 2830 suscepto
602 2755 707 2826 cilicio,
730 2757 845 2813 mandati
861 2767 905 2813 aut
921 2757 1042 2832 depositi

84 2843 252 2899 contrahitur
267 2843 421 2914 negotium,
441 2841 483 2895 his
498 2840 618 2908 casibus,
633 2843 826 2897 interveniente
841 2842 980 2914 mercede,
998 2843 1041 2899 lo·

84 2929 155 2982 catio
171 2936 198 2982 et
212 2925 355 2981 conductio
372 2924 494 2981 contrabi
509 2924 689 2997 intellegitur.
719 2933 747 2980 et
761 2924 822 2980 ideo
838 2927 860 2980 si
875 2925 972 2982 lulloni
987 2944 1040 3001 po·

83 3011 173 3066 lienda
188 3010 336 3066 curandave
352 3010 509 3064 vestimenta
529 3007 635 3063 dederis
655 3018 700 3064 aut
715 3009 875 3065 sarcinatori
889 3009 1041 3084 sarcienda,

84 3095 156 3151 nulla
179 3092 300 3150 mercede
322 3094 468 3148 constituta
491 3108 578 3165 neque
601 3095 747 3165 promissa,
771 3093 885 3148 mandati
907 3095 1042 3169 competit

84 3180 163 3235 actio.

152 3320 171 3384 ¹)
190 3338 239 3372 nou
255 3324 396 3372 mutandum
414 3325 505 3374 eureis
522 3339 557 3374 ecc
571 3323 650 3380 Gaio:
667 3339 724 3373 noan
741 3325 774 3386 cf.
787 3326 819 3373 de
830 3324 877 3375 boc
890 3323 1040 3376 Graeciam

84 3391 107 3448 §-
126 3392 160 3438 3⁸.
177 3389 202 3438 Ι.
221 3389 288 3454 quib.
307 3392 372 3439 mod.
388 3395 448 3443 solu.
466 3391 513 3440 obi.
532 3389 574 3453 (3,
596 3387 649 3455 29).
733 3388 754 3454 ²)
775 3390 814 3451 ἓξ.
834 3393 858 3440 9.
880 3394 910 3441 10
925 3393 985 3452 fere
1004 3414 1042 3435 ε

85 3454 318 3513 dai.3‚159.160.
386 3455 408 3519 ³)
425 3459 510 3506 similis
527 3465 565 3506 est
583 3459 615 3506 t.
628 3459 668 3507 22.
686 3453 710 3514 5.
730 3458 770 3510 11.
789 3458 822 3506 D.
841 3460 923 3514 mand.
942 3457 995 3524 (1‘1,
1010 3460 1040 3525 1)

84 3537 120 3572 eac
137 3522 221 3572 Paulli
238 3524 253 3574 l.
271 3525 303 3573 32
321 3525 357 3573 od
373 3524 413 3572 ed.
