2472 3896
151 166 194 230 20
249 183 353 228 oureus
372 183 458 220 nonas
477 183 525 220 aus
543 181 711 220 consoranis
731 182 871 220 sonvrrus
886 167 910 231 1,
929 169 969 218 te.

151 341 233 398 posse
248 340 297 398 per
310 322 530 397 emancipationis
544 321 652 378 modum
666 339 730 379 suae
739 324 884 396 potestatis
896 321 1009 379 nexibus
1024 319 1118 378 lilium

152 408 289 478 relaxare,
310 409 506 480 imperatoriam
529 413 617 462 autem
640 406 827 463 celsitudinem
848 422 904 463 non
925 405 1014 462 valere
1036 421 1117 476 eum,

119 498 136 547 5
153 508 233 565 quem
248 490 299 547 sibi
312 497 415 564 patrem
431 490 524 564 elegit,
546 488 578 546 ab
593 488 677 546 aliena
696 491 811 547 eximere
831 489 984 563 potestate?
1015 483 1060 545 ¹Si
1076 489 1117 546 ab

153 573 276 631 hostibus
298 583 392 647 captus
415 573 496 630 luerit
518 589 629 646 parens,
652 576 771 647 quamvis
792 590 888 630 servus
910 573 1028 630 bostium
1050 570 1116 645 liat,

151 666 242 714 maren
262 657 362 731 pendet
382 658 424 714 ius
444 657 588 714 liberorum
608 667 720 732 propter
738 659 781 714 ius
803 657 974 730 postliminii:
990 649 1115 730 quiebi,

154 743 200 815 qui
215 740 246 796 ab
261 740 385 799 hostibus
406 743 476 818 capti
495 749 570 811 suut,
590 742 614 796 si
634 743 735 798 reversi
749 741 860 816 luerint,
883 742 972 797 omnia
993 742 1118 814 pristina

151 825 211 881 iura
225 826 368 899 recipiunt.
394 825 494 882 idcirco
509 840 634 882 reversus
649 833 677 880 et
686 825 787 882 liberos
801 823 911 882 habebit
922 826 950 880 in
961 833 1116 898 potestate,

153 910 215 983 quia
229 909 422 983 postliminium
436 907 516 982 fingit
531 924 600 978 eum,
624 909 670 981 qul
690 918 784 982 captus
806 916 859 980 est,
881 924 986 982 semper
1000 911 1029 964 in
1043 910 1114 965 civi·

152 1001 208 1048 tate
230 993 327 1050 luisse:
349 994 372 1049 si
387 1009 450 1049 vero
471 991 508 1048 ibi
527 991 682 1054 decesserit,
705 992 808 1062 exinde,
831 1008 864 1048 ex
879 1008 934 1066 quo
948 1001 1043 1065 captus
1065 1003 1116 1050 est

151 1085 238 1151 pater,
253 1076 325 1133 iilius
339 1078 381 1132 sui
395 1075 463 1132 turis
477 1075 562 1131 luisse
577 1074 691 1130 videtur.
707 1077 765 1149 ipse
778 1091 889 1149 quoque
903 1074 974 1131 lilius
989 1091 1116 1149 neposve

152 1162 176 1215 si
190 1159 223 1215 ab
237 1160 361 1216 hostibus
370 1166 466 1232 captus
481 1158 573 1230 luerit,
587 1157 711 1216 similiter
724 1159 836 1216 dicimus
848 1166 961 1233 propter
975 1160 1017 1216 ius
1032 1167 1114 1232 post-

151 1243 246 1299 liminii
261 1245 302 1300 ius
317 1259 426 1317 quoque
440 1244 584 1316 potestatis
595 1243 712 1316 parentis
723 1244 751 1299 in
761 1259 894 1316 suspenso
911 1259 981 1300 esse.
1005 1242 1114 1300 dictum

152 1335 194 1383 est
209 1334 298 1383 autem
313 1327 508 1401 postliminium
521 1343 535 1382 a
551 1326 641 1384 limine
656 1335 772 1400 etpost,
793 1320 842 1384 et²
857 1342 929 1399 eum,
950 1327 996 1400 qui
1011 1325 1044 1382 ab
1059 1327 1114 1383 bo-

152 1411 238 1467 stibus
254 1420 348 1485 captus
362 1413 391 1467 in
411 1409 479 1467 fines
499 1420 608 1468 nostros
622 1419 717 1484 postea
730 1411 864 1484 pervenit,
883 1411 1049 1483 postliminio
1064 1428 1111 1467 re·

152 1511 259 1551 versum
269 1503 344 1552 recte
355 1495 478 1556 dicimus.
501 1511 562 1550 nam
572 1494 663 1550 limina
675 1495 745 1550 siout
755 1496 782 1550 in
794 1492 917 1550 domibus
933 1492 1013 1550 mem
1024 1510 1113 1568 quen-

151 1579 212 1635 dam
223 1580 335 1652 iaciunt,
357 1582 397 1636 sic
410 1586 438 1636 et
450 1579 554 1652 imperii
569 1575 649 1633 finem
662 1577 745 1633 limen
759 1594 820 1634 esse
834 1586 938 1634 veteres
952 1577 1111 1636 voluerunt.

152 1661 214 1718 binc
228 1670 256 1717 et
271 1662 347 1718 limes
363 1661 452 1718 dictus
468 1670 509 1718 ost
524 1663 600 1734 quasi
612 1659 672 1718 buis
689 1661 795 1734 quidam
810 1669 838 1716 et
852 1662 994 1718 terminus.
1027 1661 1059 1719 ab
1075 1679 1110 1720 eo

151 1744 346 1818 postliminium
368 1745 491 1816 dictum,
513 1745 574 1818 quia
596 1744 691 1802 eodem
712 1743 802 1802 limine
824 1745 1024 1815 revertebatur,
1052 1763 1108 1819 quo

152 1830 266 1884 amissus
281 1836 349 1885 erat.
393 1821 459 1885 ³sed
474 1835 501 1884 et
516 1827 652 1901 quivistis
672 1828 797 1901 hostibus
811 1838 1005 1903 recuperetur,
1030 1837 1110 1902 post·

119 1925 136 1974 a
151 1913 253 1969 liminio
268 1911 381 1968 rediisse
395 1913 571 1968 existimatur.
601 1904 761 1968 ⁴Praeterea
775 1914 985 1986 emancipatione
999 1929 1109 1987 quoque

151 1997 278 2053 desinunt
291 1994 367 2053 liberi
382 1998 410 2052 in
423 2004 559 2070 potestate
572 2004 713 2070 parentum
728 2011 797 2052 esse.
824 1996 871 2053 sed
886 2013 916 2052 ea
932 1998 1108 2070 emancipatio

152 2090 230 2138 antea
245 2080 352 2154 quidem
367 2081 409 2137 vel
425 2082 617 2154 perantiquam
627 2079 697 2154 legis
708 2079 921 2136 observationem
932 2079 1109 2153 procedebat,
1213 2101 1214 2104 ¹

153 2181 221 2238 quae
242 2181 291 2238 per
312 2166 480 2238 imaginarias
503 2163 670 2220 venditiones
697 2171 723 2220 et
745 2164 942 2220 intercedentes
964 2165 1109 2220 manumis·

152 2249 241 2303 siones
257 2247 450 2318 celebrabatur,
472 2249 514 2304 vel
529 2263 561 2304 ex
574 2247 704 2321 imperiali
718 2248 861 2320 rescripto.
905 2256 998 2304 nostra
1017 2257 1107 2304 autem

152 2331 319 2404 providentia
340 2340 368 2386 et
389 2332 441 2388 boo
453 2333 482 2388 in
496 2332 591 2388 melius
613 2347 662 2404 per
676 2325 919 2387 constitutionem⁵
941 2331 1108 2404 reformavit,

153 2422 193 2486 ut,
216 2411 324 2469 fictione
338 2417 451 2487 pristina
466 2415 586 2489 explosa,
607 2422 680 2470 recta
700 2416 740 2470 via
755 2413 825 2488 apud
840 2423 1023 2489 competentes
1038 2415 1109 2472 iudi-

153 2513 197 2553 ces
213 2497 254 2552 vel
269 2499 440 2571 magistratus
454 2507 580 2574 parentes
595 2499 699 2553 intrent
718 2505 745 2553 et
760 2495 830 2552 lilios
846 2515 910 2554 suos
925 2500 967 2556 sel
984 2497 1051 2555 filias
1066 2499 1110 2556 vel
1210 2567 1211 2582 ἵ

153 2588 267 2654 nepotes
281 2581 323 2636 vel
338 2590 433 2655 neptes
447 2597 478 2640 ac
492 2582 618 2655 deinceps
635 2598 682 2637 sua
703 2598 783 2637 manu
798 2580 973 2639 dimitterent.
1001 2591 1029 2640 et
1044 2591 1111 2642 tune

154 2682 186 2721 ex
207 2664 295 2720 edicto
316 2667 446 2738 praetoris
468 2666 495 2722 in
516 2666 596 2721 huius
618 2662 665 2722 filii
679 2665 722 2721 vel
737 2663 824 2735 tiliae,
844 2668 950 2739 nepotis
963 2665 1005 2722 vel
1019 2667 1109 2740 neptis
1209 2679 1210 2710 t

153 2749 243 2820 bonis,
259 2748 306 2823 qui
317 2749 438 2821 reiquae
449 2766 464 2805 a
475 2757 585 2824 parente
600 2750 778 2804 manumissus
788 2748 831 2805 vel
842 2751 1002 2806 manumissa
1016 2749 1109 2823 luerit,

154 2833 246 2890 eadem
268 2834 326 2888 iura
346 2841 517 2907 praestantur
538 2833 655 2906 parenti,
678 2849 746 2905 quae
766 2830 922 2889 tribuuntur
943 2842 1059 2906 patrono
1080 2835 1110 2890 in
1207 2881 1208 2886 ,

152 2915 231 2974 bonis
245 2915 349 2973 liberti:
373 2926 400 2974 et
414 2925 554 2991 praeterea
567 2916 590 2970 si
606 2914 726 2989 impubes
741 2917 776 2972 sit
794 2914 865 2972 filius
880 2917 922 2972 vel
937 2917 991 2974 lilia
1008 2917 1050 2974 vel
1065 2933 1110 2973 ce·

153 3003 219 3072 teri,
241 3003 301 3074 ipse
321 3017 417 3075 parens
439 3018 472 3058 ex
494 3000 700 3058 manumissione
723 3000 834 3057 tutelam
857 3002 914 3057 eius
937 3003 1109 3064 nanciscitur.
1205 3009 1207 3225 p

221 3227 242 3294 ¹)
260 3232 397 3294 partim·
411 3230 468 3280 Gai
487 3232 515 3290 1,
536 3232 659 3281 attinnt
749 3229 770 3296 ²)
788 3233 819 3281 nt
835 3233 951 3296 plerique
968 3231 1043 3281 codd.
1059 3239 1107 3282 oet.

154 3298 213 3350 edd.
232 3296 304 3352 Schr.
322 3297 399 3348 etK.
468 3296 584 3363 ⁸)=L.
603 3300 644 3348 ts.
659 3301 705 3362 fin
723 3297 756 3348 D.
776 3247 951 3362 decapite(
937 3295 995 3362 (,49
1015 3297 1110 3360 lbleac

154 3364 330 3417 Florentinil.
350 3365 460 3418 startia
528 3364 550 3430 ⁴)
567 3366 621 3416 init.
639 3387 672 3408 =
690 3365 793 3422 Geel,
812 3366 869 3416 132.
944 3363 965 3429 ⁵)
982 3365 1016 3416 12.
1035 3366 1059 3416 6.
1079 3365 1107 3417 G.

156 3432 328 3497 dcemanct'p.
347 3434 384 3497 (8,
401 3435 435 3485 ts
452 3437 486 3487 al.
504 3433 557 3498 49).
