2492 3896
130 171 174 236 80
250 188 286 223 nn
303 187 429 224 moun
447 185 601 228 ennarrans
620 188 655 221 nn
672 185 852 222 nmrnnnnrra
867 173 906 234 11,
924 175 964 224 ta.

131 329 216 384 sentis
244 343 322 400 qnam
349 328 468 400 ipsorum
495 324 565 382 hona
586 320 732 382 similiter¹
758 343 773 382 a
794 325 972 382 oreditoribus
993 328 1077 400 possi-

131 410 257 467 deantur.

100 503 116 551 3
197 487 320 565 ²Ceteri‚
349 495 393 566 qui
415 492 554 550 testatoris
576 493 628 548 iuri
649 491 763 549 suhieoti
782 509 838 548 non
860 499 938 563 sunt,
965 494 1084 548 nannet

133 576 246 633 heredes
263 576 439 649 appellantur.
476 577 565 650 itaque
585 575 662 632 liberi
683 592 791 650 quoque
807 577 911 646 nostri,
932 577 977 648 qud
989 577 1019 630 in
1032 593 1083 649 pe-

131 668 229 716 testate
252 669 345 715 nostra
366 676 422 715 non
443 667 522 726 sunt,
544 659 656 715 heredes
679 676 693 714 a
714 658 791 715 nobis
810 659 944 730 instituti,
966 661 1083 714 extranei

132 742 245 798 heredes
260 743 392 798 videntur.
430 759 481 817 qua
496 742 529 798 de
544 759 622 798 eausa
643 750 670 798 et
691 745 737 816 qui
750 742 863 799 heredes
878 759 893 798 a
907 749 992 796 matre
1006 743 1083 797 insti·

133 834 257 898 tuuntur‚
273 827 367 883 eodem
381 833 580 896 numerosum,
596 826 656 898 quia
667 825 777 881 feminae
793 827 820 881 iu
833 833 967 898 potestate
981 825 1082 882 liberos

133 926 188 964 non
203 909 311 968 habent.
341 926 432 965 servus
453 925 562 981 quoque
576 925 590 963 a
605 909 713 964 domino
732 909 810 964 heres
825 910 963 964 institutus
978 916 1084 981 etpost

134 1000 322 1049 testamentum
343 993 442 1048 iactum
464 991 495 1047 ah
514 1008 549 1046 eo
569 993 747 1048 manumissus
768 990 861 1048 eodem
876 1007 989 1048 numero
1004 991 1083 1047 habe·

99 1084 117 1133 4
134 1085 188 1132 tur.
226 1069 273 1132 ³in
288 1079 420 1132 extraneis
434 1075 578 1131 heredibus
594 1073 660 1130 iilud
675 1074 846 1146 observatur,
867 1083 898 1130 nt
918 1077 955 1131 sit
970 1091 1029 1145 oum
1044 1077 1083 1130 ais

130 1162 286 1216 testamenti
306 1158 403 1231 santio,
425 1160 481 1214 sive
499 1159 550 1232 ipsi
570 1158 682 1214 heredes
704 1158 879 1214 instituantur
900 1159 954 1214 siue
969 1159 1012 1228 hi,
1037 1160 1084 1231 qni

129 1244 160 1298 in
174 1250 308 1316 potestate
322 1257 416 1298 eorum
430 1249 503 1302 sunt
540 1250 568 1298 et
581 1239 728 1297 id'duobus
749 1241 915 1315 temporibus
930 1242 1082 1316 inspioitur‚

132 1327 287 1382 testamenti
302 1325 408 1399 quidem
423 1325 503 1395 faeti,
520 1333 554 1381 ut
573 1325 727 1381 eonstiterit
740 1326 890 1400 institutio,
907 1327 1002 1381 mortis
1017 1342 1083 1381 vero

133 1410 286 1480 testatoris,
306 1418 338 1465 ut
352 1408 474 1466 effaetum
489 1407 592 1466 habeat.
630 1409 683 1464 hoe
696 1408 811 1482 amplius
826 1417 854 1466 et
870 1425 931 1465 wne
945 1402 1020 1464 adit⁴
1034 1409 1084 1466 he-

132 1493 286 1563 reditatem,
301 1507 361 1549 esse
376 1493 455 1549 debet
469 1509 529 1548 eum
543 1509 576 1548 eo
589 1493 742 1548 testamenti
756 1491 853 1564 factio,
875 1493 930 1548 siue
944 1508 1011 1565 pure
1026 1493 1084 1549 siae
1122 1505 1124 1510 ·

134 1576 184 1632 sub
206 1576 363 1633 condicione
384 1577 462 1632 heres
484 1577 624 1632 institutus
644 1577 693 1632 sit:
715 1577 837 1631 namins
859 1575 965 1632 nereus
982 1591 1020 1632 no
1041 1575 1084 1632 val

134 1662 246 1714 manime
268 1669 389 1732 tempore
412 1659 606 1732 inspiciendum
620 1667 677 1728 est,
699 1675 753 1731 quo
769 1659 883 1732 adquirit
897 1657 1082 1716 hmeddstaam.

133 1741 221 1798 medio
244 1750 332 1798 autern
356 1749 476 1814 tempore
497 1743 569 1797 inter
590 1741 687 1797 iactum
710 1749 897 1798 testamentum
916 1751 946 1798 et
968 1751 1083 1798 mortem

133 1826 272 1880 testatoris
297 1825 339 1880 vei
368 1824 552 1882 conditionem
578 1825 756 1882 institutionis
782 1827 941 1882 existentem
968 1828 1082 1884 mutatio

133 1908 199 1963 iuris
213 1907 305 1963 heredi
320 1925 375 1964 non
390 1916 484 1978 noret,
501 1908 581 1980 quia,
597 1917 628 1964 ut
642 1908 767 1980 diximus,
787 1910 838 1965 tria
852 1918 972 1982 tempora
984 1910 1084 1984 inspioi

131 1990 241 2048 debem.
278 1992 430 2050 testamenti
451 1998 540 2048 autem
559 1991 701 2048 notionem
722 2008 776 2048 uon
792 1993 880 2048 solum
893 1994 916 2048 ie
931 1990 1030 2048 hahere
1044 1995 1083 2050 vi-

134 2075 226 2146 detur,
243 2077 289 2149 qui
305 2083 492 2132 testamentum
504 2073 595 2132 ,iacere
609 2083 715 2148 potest,
731 2075 778 2131 sed
793 2077 872 2132 etiam
887 2077 933 2148 spui
945 2092 981 2132 ex
994 2075 1082 2133 duno

133 2166 294 2215 testamento
309 2159 351 2215 vei
365 2161 423 2232 ipse
438 2175 533 2232 capere
547 2165 638 2232 potest
656 2158 697 2214 vel
711 2158 755 2215 alii
769 2158 926 2231 adquirere,
948 2159 1013 2216 iioot
1027 2176 1082 2216 non

134 2249 225 2316 potest
244 2242 333 2298 faeere
352 2251 552 2300 testamentum.
591 2237 636 2298 ⁵et
655 2241 715 2298 ideo
733 2251 760 2298 et
775 2242 892 2298 furiosus
908 2250 935 2298 et
949 2251 1041 2298 mutus
1054 2251 1084 2299 et

132 2332 274 2396 postumus
289 2333 316 2381 et
327 2325 416 2382 infans
427 2334 455 2381 et
465 2324 648 2382 filiusfamilias
663 2335 691 2381 et
705 2342 796 2382 servus
811 2325 914 2382 alienus
929 2329 1083 2384 testamenti

131 2405 276 2464 dandonem
286 2408 386 2464 trabere
400 2409 543 2464 dicuntur:
558 2409 622 2466 lieet
636 2410 706 2464 enim
722 2415 910 2466 testamentum
924 2408 1013 2466 faeere
1027 2427 1083 2466 non

131 2499 258 2562 pessunt,
273 2499 389 2548 attamen
399 2507 435 2548 ex
451 2499 612 2548 testamento
627 2491 670 2548 vei
681 2490 732 2548 sibi
747 2493 788 2548 vei
804 2493 848 2548 alii
859 2493 1005 2567 adquirere
1018 2511 1083 2567 pos·

101 2581 207 2631 osum
244 2567 399 2632 tunnensis
411 2584 501 2632 autem
516 2570 659 2631 heredibus
679 2575 842 2634 deliberandi
855 2583 976 2650 potestas
991 2585 1034 2634 est
1046 2577 1083 2634 ds

133 2719 330 2729 ——a—-v--—

202 2815 221 2884 ¹)
239 2821 257 2869 ι’.
274 2835 297 2870 e.
316 2827 509 2886 consequenter,
528 2817 626 2880 τοίνυν
648 2820 757 2886 Timonis.
775 2836 822 2872 nee
838 2823 914 2886 taines
929 2823 1080 2874 marasmon

131 2888 270 2951 imperator
287 2889 338 2938 oit:
355 2894 383 2936 ut
398 2890 438 2938 soi
449 2887 480 2936 od
493 2888 559 2937 omni
574 2887 723 2937 nereaitatte
734 2903 763 2938 re
775 2903 806 2937 no
822 2891 892 2938 lucro
911 2888 1079 2948 abstinebant,

131 2955 244 3004 similiter
261 2969 306 3003 neo
323 2956 412 3004 damno
430 2955 483 3004 eins
500 2954 688 3016 afficiebantur,
709 2956 758 3004 sed
776 2956 806 3004 id
821 2957 941 3004 commodi
953 2955 1081 3016 ferebant,

130 3028 158 3070 ut
175 3035 225 3070 non
240 3035 287 3069 snae
303 3023 350 3070 sed
364 3022 480 3084 ponentis
497 3021 563 3071 bona
580 3037 596 3070 a
614 3021 780 3070 oreditoribus
794 3024 997 3084 possiderentur.
1058 3020 1081 3086 ε)

129 3089 233 3150 fere=
246 3086 302 3138 Grai.
318 3090 350 3145 2,
366 3088 423 3140 161.
505 3086 529 3150 Β)
539 3088 565 3147 ἓ.
577 3089 609 3136 d.
620 3123 640 3140 ..
654 3088 756 3152 inopini
772 3087 867 3138 debant
880 3090 939 3152 fere
950 3109 984 3132 a
995 3089 1027 3140 L.
1039 3091 1082 3144 42.

132 3159 157 3214 §-
177 3157 199 3206 1.
218 3154 252 3202 o.
270 3155 301 3202 de
320 3154 406 3206 dered.
423 3157 482 3207 t'nat.
501 3155 554 3215 (28,
571 3155 597 3218 ὅ)
616 3170 651 3203 en
668 3155 810 3206 Florentint'
825 3159 842 3204 t.
862 3158 893 3206 10
909 3159 990 3207 instit.
1058 3155 1081 3218 4)

131 3219 157 3269 Β
175 3219 237 3282 (seo.
256 3219 341 3284 Solen.)
364 3237 416 3270 eum
437 3221 548 3284 Theoph.
567 3220 663 3270 adierit
685 3223 725 3271 ed.
743 3221 814 3272 Soita.
834 3221 903 3271 adiit
921 3226 961 3273 ed.
978 3223 1028 3280 Κν,
1046 3240 1083 3274 em

131 3289 189 3336 otiis
206 3287 280 3340 codd.
366 3286 386 3350 ⁵)
402 3288 460 3349 fere
478 3309 511 3329 =
528 3289 560 3338 L.
580 3289 612 3338 16
628 3305 670 3352 pr.
689 3290 721 3338 D.
739 3291 782 3353 qui
798 3295 895 3340 tentem.
910 3291 963 3352 sno.
980 3292 1036 3350 (28,
1055 3290 1081 3353 1)

131 3354 316 3482 enfiPomponii
336 3357 353 3404 1.
371 3356 436 3417 aino
454 3370 508 3420 rep.
595 3353 615 3421 ⁶)
634 3357 672 3417 55.
691 3359 720 3410 ὅ.
739 3358 762 3410 6.
780 3377 814 3398 =
833 3357 889 3408 Gai.
907 3360 937 3420 2,
956 3359 1012 3412 162.
1032 3358 1082 3408 163

129 3421 157 3468 in
192 3435 222 3468 ne
239 3427 296 3474 mut.
