2492 3896
152 165 194 230 90
236 183 271 218 nn
283 182 452 218 anemone
465 181 597 218 necnon.
620 178 655 216 ne
667 179 875 216 mauruncium
888 167 929 228 ΙΙ,
943 167 983 216 at.
995 167 1037 218 22.

153 325 271 397 quamvis
293 315 376 379 alias¹
401 321 513 377 rnilitum
535 321 688 376 voluntates
715 322 743 377 in
766 321 916 377 ordinandis
938 320 1105 376 testamentis

151 407 227 463 valde
243 407 428 465 observantur.
466 405 623 477 quinetiam
645 421 695 461 nec
716 404 863 460 libertatem
880 419 982 478 poenae
996 403 1105 458 nomine

152 490 209 546 dari
223 507 304 564 posse
324 489 452 563 placebat.
483 505 515 544 eo
531 489 645 562 amplius
666 505 716 546 nec
736 489 862 544 heredem
877 503 980 560 poenae
996 488 1105 542 nomine

152 574 220 630 adici
232 590 313 646 posse
324 572 437 629 Sabinus
448 571 625 642 existimabat,
639 573 723 628 veluti
733 574 756 627 si
768 573 827 645 quis
845 573 881 626 ita
898 571 984 625 dicat:
1000 584 1105 627 'rimus

152 672 254 714 nunna
265 673 358 714 neno:
375 671 518 714 errimus
533 671 641 713 ernian
656 671 738 714 sunu
753 672 824 713 nnio
839 672 872 713 ru
885 669 1107 711 uerermoururr

152 756 402 810 connocnvnmn,
419 747 508 797 antus
525 755 649 804 ouooun
664 755 766 796 nuens
782 754 876 796 asro:
899 737 966 793 nihil
980 738 1050 794 enim
1064 737 1105 792 in·

153 833 262 896 tererat,
278 841 330 898 qua
345 824 451 880 ratione
462 823 548 880 'litias
563 832 730 893 coerceatur,
746 831 837 878 utrum
852 823 933 895 legati
950 821 1057 876 datione
1073 837 1106 876 an

151 908 293 964 coheredis
315 908 473 964 adiectione.
512 915 539 962 at
560 906 713 961 huiusmodi
735 905 929 979 scrupulositas
951 903 1028 960 nobis
1051 921 1106 959 non

153 991 253 1065 placuit
267 999 294 1048 et
309 991 471 1066 generaliter
486 1005 532 1059 ea,
553 1006 621 1063 quae
636 990 842 1063 relinquuntur,
862 990 924 1045 licet
940 1003 1041 1061 poenae
1056 1004 1105 1042 no·

154 1077 225 1132 mine
245 1076 346 1131 luerint
365 1075 458 1129 relicta
480 1073 521 1128 vel
541 1071 664 1146 adempta
683 1073 724 1128 rel
740 1075 767 1128 in
782 1074 850 1129 alios
871 1072 1012 1141 translata,
1039 1072 1107 1127 nihil

152 1157 252 1215 distare
267 1175 281 1213 a
296 1159 393 1213 ceteris
409 1157 506 1230 legatis
521 1151 731 1213 constituimus²
751 1157 794 1212 vel
808 1157 835 1211 ln
850 1157 938 1211 dando
955 1154 993 1210 vel
1010 1155 1037 1209 in
1052 1154 1107 1210 adl-

153 1243 250 1298 mendo
265 1241 307 1297 vel
324 1241 350 1296 in
368 1239 567 1296 transferendo:
583 1241 702 1313 exceptis
718 1241 759 1296 his
774 1239 908 1312 videlicet,
924 1254 991 1310 quae
1007 1240 1108 1312 impos·

153 1324 239 1380 sildlia
253 1334 316 1381 sunt
326 1323 369 1380 rel
381 1323 486 1396 legibus
498 1324 638 1380 interdicta
654 1333 700 1379 aut
714 1324 778 1380 allas
793 1323 937 1396 probrosa:
953 1322 1108 1378 huiusmodi

152 1411 222 1465 enim
237 1416 397 1464 testatorum
412 1407 602 1480 dispositiones
614 1407 713 1480 valere,
728 1416 803 1464 secta
818 1416 969 1481 temporum
985 1422 1107 1461 meorum

152 1509 207 1549 non
221 1494 332 1566 patitur.

562 1669 619 1709 r1'r.
632 1669 695 1709 m

353 1754 403 1804 DE
420 1752 657 1804 ADEMPTIONE
671 1751 906 1806 LEGATORUM.

106 1893 141 1933 rr.
219 1851 360 1948 hdemptio
373 1855 534 1948 legatorum,
545 1876 600 1930 sive
612 1874 705 1932 eodem
718 1883 880 1931 testamento
891 1875 1040 1930 adimantur
1051 1876 1107 1931 sire

155 1958 301 2030 codicillis,
318 1957 391 2013 firma
408 1966 459 2027 est,
475 1958 530 2014 sive
545 1957 686 2014 contrariis
702 1957 787 2015 verbis
802 1957 848 2012 liat
864 1957 1009 2032 ademptio,
1023 1960 1108 2015 veluti

101 2086 105 2116 3
153 2045 186 2108 si,
203 2042 275 2114 quod
290 2042 328 2098 ita
341 2043 402 2115 quis
412 2041 541 2116 legaverit
555 2056 597 2099 no
612 2057 710 2113 unco,
723 2043 759 2097 ita
771 2041 904 2097 adimatur
914 2058 976 2101 nou
986 2058 1028 2098 no
1044 2058 1108 2100 uou

153 2142 255 2198 cecc,
277 2129 333 2181 sive
353 2143 408 2180 non
423 2127 579 2196 contrariis,
602 2125 629 2180 id
649 2134 691 2182 est
706 2125 765 2180 aliis
781 2125 994 2198 quibuscumque
1009 2127 1105 2182 verbis.

122 2209 306 2266 l'l'ransierri
326 2226 437 2282 quoque
457 2210 576 2283 legatum
597 2208 629 2264 ab
650 2210 702 2265 alio
717 2208 749 2264 ad
764 2208 844 2264 alium
859 2217 966 2282 potest,
987 2209 1069 2264 veluti
1085 2211 1108 2264 si

154 2295 214 2366 quis
236 2295 272 2347 ita
295 2293 404 2348 dixerit:
426 2309 569 2350 noumnu
591 2308 741 2362 snrcuuu,
764 2307 850 2356 ounu
871 2309 957 2350 nrrro
979 2308 1106 2364 necem,

154 2390 223 2432 sero
244 2392 287 2432 no
308 2391 407 2448 nnec,
429 2377 532 2432 sivein
553 2377 646 2432 eodem
670 2383 828 2432 testamento
849 2375 905 2430 sive
930 2377 957 2432 iu
978 2376 1107 2434 codicillis

153 2460 205 2514 hoc
221 2458 329 2514 iecerit:
344 2475 398 2531 quo
414 2476 478 2515 casu
492 2459 573 2515 simul
587 2459 657 2515 'litio
673 2459 751 2515 adimi
766 2459 871 2514 videtur
885 2468 913 2514 et
926 2459 988 2515 Seio
1003 2459 1071 2515 dari.

554 2669 613 2712 rrr.
631 2670 709 2709 xxn.

448 2771 497 2820 DE
515 2769 611 2821 LEGE
629 2769 809 2822 FALOIDIA.

104 2923 139 2964 1³1.
153 2932 154 2944 ¹
213 2909 358 2982 Superest,
381 2916 411 2964 ut
425 2908 458 2964 dc
473 2908 534 2982 lege
550 2907 662 2965 Falcidia
676 2909 863 2982 dispiciamus,
879 2925 932 2981 qua
948 2908 1043 2964 modus
1058 2927 1108 2964 no·

155 2995 260 3050 vissime
282 2992 378 3066 legatis
398 2994 542 3064 impositus
557 3001 607 3047 est.
645 3009 704 3048 cum
720 2995 790 3050 enim
811 2992 873 3048 olirn
888 2990 951 3066 lege
965 2991 1108 3049 duodecim

154 3077 306 3133 tabularum
326 3076 409 3130 lihera
431 3084 487 3131 erat
509 3075 614 3149 legandi
636 3083 768 3150 potestas,
790 3085 820 3131 ut
841 3077 933 3132 liceret
955 3076 996 3131 vel
1018 3085 1108 3132 totum

153 3162 341 3234 patrimonium
355 3159 452 3232 legatis
467 3175 581 3233 erogare
597 3154 710 3234 (quippe
724 3175 754 3214 ea
768 3158 830 3233 lege
844 3160 881 3214 ita
896 3168 1003 3215 cautum
1018 3167 1107 3216 esset:

223 3351 242 3418 ¹)
260 3357 297 3406 ric
322 3354 433 3418 Theoph.
455 3357 533 3417 pauci
553 3359 627 3407 codd.
650 3357 726 3419 inser.
749 3355 818 3406 eliae
836 3358 1027 3410 coroddam.
1047 3357 1107 3410 edd.

155 3420 228 3470 Schr.
250 3429 275 3470 et
292 3421 342 3470 Kr.
411 3419 431 3484 ²)
450 3423 482 3476 L.
499 3439 539 3474 un.
558 3422 586 3473 0.
605 3425 636 3473 de
654 3425 705 3484 hir,
724 3439 788 3488 quae
804 3439 905 3486 poenae
924 3425 958 3486 (6,
976 3419 1028 3486 41).
