2472 3896
112 181 180 234 VIII
507 195 663 238 nnsnnnrm,

176 337 204 394 Sl
236 338 341 412 priores
377 346 404 394 et
437 337 602 410 posteriores
639 335 716 392 binos
752 334 833 392 libros
869 335 950 392 alium
983 344 1063 409 atque

112 423 192 478 allum
221 420 319 477 babere
353 428 478 477 auctores
512 435 544 475 ea
577 421 610 475 iis
638 420 704 492 ipsis
732 419 787 475 dixi
814 436 895 492 posse
923 423 1062 494 cognosci,

113 505 180 562 adeo
195 504 301 578 quidem
316 498 429 582 (addo),
454 511 484 558 ut
499 504 545 577 qui
559 502 710 558 admonitus
725 510 826 559 attente
841 519 887 559 eos
903 503 1015 577 legerit,
1036 504 1063 559 id

112 591 172 662 ipse
186 604 240 644 non
255 587 455 661 deprehendere
470 589 512 642 vix
526 587 629 660 possit,
644 594 743 659 sponte
759 586 936 661 intellegitur,
952 589 1062 643 manime

112 687 155 728 me
168 674 196 728 ln
212 673 299 727 animo
316 670 414 728 babere
430 679 457 726 et
471 687 485 725 a
500 670 601 725 lectore
616 670 775 726 attendenda
790 685 849 725 esse
864 686 911 742 ea,
926 685 994 743 quae
1008 688 1063 727 non

113 764 216 812 tantum
231 770 263 809 er
278 753 341 811 Gaio
360 753 402 810 vel
423 754 482 809 aliis
501 754 616 826 antiquis
630 753 818 810 iureconsultis
841 754 966 810 translata
988 762 1063 825 sunt,

113 839 160 894 sed
177 840 237 912 quia
252 839 294 892 ius
309 847 386 894 vetus
401 837 552 892 exoleverat
567 835 607 891 vel
622 853 692 892 novo
707 845 838 907 cesserat,
862 836 893 893 ab
909 839 974 910 ipsis
990 855 1062 894 com-

112 921 277 996 positoribus
297 929 373 976 erant
391 918 554 994 refingeuda.
591 919 619 973 ln
635 921 675 975 bis
690 935 753 976 vcro
767 922 881 994 primum
897 921 972 976 illum
988 924 1063 995 quasi

112 1007 210 1061 invitus
226 1002 393 1075 observabis,
409 1019 485 1073 eum,
500 1003 546 1075 qui
562 1004 727 1075 posteriores
741 1002 824 1059 libros
841 1004 920 1076 lecit,
943 1007 1063 1077 quamvis

112 1106 168 1145 non
182 1088 310 1159 oblitum,
325 1089 513 1159 imperatorem
529 1086 618 1158 loqui,
639 1101 718 1159 quem
732 1086 798 1156 alia,
813 1103 892 1158 qnam
907 1089 1063 1161 magistrum

112 1171 192 1228 verba
207 1170 328 1240 deceant,
341 1177 428 1225 tamen
440 1172 467 1225 in
478 1171 630 1224 universum
641 1165 707 1243 (nisi
719 1169 788 1226 iorte
800 1178 940 1226 contortae
952 1171 1063 1227 alicuius

113 1254 315 1312 constitutionis
326 1252 405 1309 verba
414 1260 518 1308 tantum
529 1251 704 1325 exscribebat,
711 1252 834 1324 veluth,
843 1249 966 1328 1,8fin.)
977 1255 1063 1311 multo

112 1340 211 1395 maiore
222 1336 707 1411 simplicitateaoperspicuitateusum
719 1353 789 1409 esse,
801 1353 880 1410 qoam
891 1339 918 1393 in
930 1337 1063 1412 prioribus

112 1421 307 1496 deprehendas.
333 1420 460 1477 conseras
473 1436 514 1476 ex.
529 1437 571 1494 gr.
583 1420 626 1489 ΙΙΙ,
636 1419 692 1491 3,3
702 1465 708 1478 .
717 1421 774 1480 ..5.
783 1422 824 1476 vel
836 1421 877 1493 ΙΙΙ,
891 1421 918 1485 6,
928 1422 977 1476 11.
991 1418 1063 1493 7(8),

113 1507 141 1567 3.
155 1506 176 1561 4
188 1513 215 1563 et
226 1522 240 1562 e
250 1505 355 1562 diverso
365 1504 386 1575 Ι,
400 1505 450 1577 12,
464 1503 492 1561 6.
506 1502 557 1574 20,
569 1504 598 1561 5.
614 1505 644 1574 ΙΙ,
667 1504 713 1573 10,
725 1505 753 1560 3.
767 1503 796 1558 4.
811 1505 858 1563 10.
890 1503 942 1559 Sed
958 1505 1065 1578 singula

113 1591 237 1662 requiris.
254 1590 338 1663 Igitur
350 1590 466 1661 scriptor
477 1587 509 1657 ΙΙ,
523 1587 572 1658 11,
584 1587 612 1643 6.
623 1602 673 1659 pro
684 1585 862 1642 anterioribus
874 1587 1064 1659 principalibus

113 1671 349 1732 constitutionibus
365 1671 521 1742 simpliciter
531 1684 615 1741 paene
626 1667 740 1724 absurde
755 1668 819 1724 dicit
834 1669 901 1724 ‘tam
915 1670 1064 1724 anteriores

112 1758 188 1831 leges
203 1771 283 1828 quam
299 1753 456 1828 principales
472 1750 699 1808 constitutiones’.
731 1751 779 1807 Ubi
794 1752 874 1808 lectio
890 1752 976 1824 aliqua
993 1751 1065 1807 velut

113 1839 313 1898 constitutionis
334 1836 543 1906 commendatur,
566 1835 635 1891 idem
656 1837 692 1890 ita
708 1843 793 1890 tumet
806 1835 838 1907 ΙΙ,
856 1836 903 1905 11,
921 1836 953 1892 6:
977 1833 1064 1892 ‘cuius

114 1923 315 1982 constitutionis
329 1929 424 1976 tenore
441 1925 584 1992 perspecto
602 1918 710 1974 licentia
726 1919 847 1975 estnihil
864 1935 973 1990 eornm,
995 1934 1065 1991 quae

114 2008 146 2064 ad
160 2005 309 2081 praelatum
323 2006 365 2060 ins
385 2004 537 2076 pertinent,
557 1999 703 2075 ignorare'.
733 2003 776 2057 vel
790 2002 811 2058 ll
819 2015 829 2073 ‚⁴
844 2001 900 2074 20,
916 2004 944 2059 3.
975 2000 1063 2059 ‘cuius

113 2090 314 2148 constitutionis
325 2101 488 2161 perpensum
502 2085 610 2141 modum
622 2101 653 2141 ex
667 2085 751 2158 Ipsius
764 2095 858 2142 tenore
869 2086 1064 2159 perfectissime

114 2175 232 2246 accipere
247 2171 374 2245 possibile
389 2167 453 2226 est'
481 2169 517 2238 ll,
535 2169 585 2241 20,
601 2168 651 2226 27.
681 2165 765 2241 ‘quod
781 2170 918 2226 evidenter
932 2171 1063 2245 exipsius

113 2256 315 2314 constitutionis
336 2255 452 2310 lectione
475 2252 622 2310 clarescit?
652 2251 717 2309 adde
731 2252 779 2325 ΙΙΙ,
797 2253 850 2323 18,
866 2253 894 2311 8.
912 2253 959 2312 12.
983 2271 1063 2328 quem

115 2340 222 2396 titulum
237 2339 316 2394 etiam
330 2337 388 2393 aliis
404 2336 437 2392 de
452 2337 538 2392 causis
559 2336 660 2406 eidem,
683 2336 770 2409 quil,
787 2337 803 2392 1
827 2337 958 2409 coniecit,
981 2337 1064 2394 viudi-

114 2425 238 2480 cavimus.
283 2421 358 2476 Alter
378 2428 471 2476 contra
493 2428 554 2492 apte
577 2428 604 2474 et
625 2418 780 2492 simpliciter
800 2420 874 2475 velut
896 2420 944 2492 ΙΙΙ,
969 2420 1063 2492 1,14.

114 2507 147 2563 de
161 2504 302 2562 admodum
316 2503 418 2578 prolixa
434 2503 628 2560 constitutione
643 2501 722 2573 ‘quae
737 2503 887 2576 specialiter
902 2512 929 2559 et
945 2503 1065 2578 singilla-

115 2590 163 2645 tim
184 2605 216 2644 ex
238 2588 371 2661 praelatae
393 2586 594 2643 constitutionis
620 2595 716 2642 tenore
736 2594 851 2658 possunt
873 2586 1014 2661 cognoscl’
1037 2595 1065 2643 et

114 2673 178 2728 alias
193 2672 278 2727 multo
293 2669 398 2725 brevius
414 2669 461 2741 ΙΙΙ,
477 2669 512 2740 5,
528 2669 555 2724 1.
572 2669 601 2741 7,
616 2670 645 2726 3.
661 2669 719 2739 11,
735 2669 763 2730 t.
781 2668 834 2740 29,
849 2669 877 2728 3.
907 2671 950 2740 lV,
966 2669 997 2742 4,
1016 2669 1064 2726 10.

114 2756 225 2811 'lumori
240 2755 400 2810 admiscetur
416 2769 430 2808 a
450 2754 539 2826 priore
549 2754 628 2808 etiam
646 2752 730 2807 iastus
739 2753 785 2810 ille
798 2753 935 2810 orientalis
950 2753 1063 2827 impera-

115 2840 181 2895 toris
196 2838 228 2894 de
243 2853 272 2893 se
290 2838 426 2909 loquentis
446 2838 541 2909 suique
561 2836 664 2892 laudem
684 2852 738 2892 non
753 2837 934 2894 erubescentis
949 2835 1064 2892 velutin

114 2922 167 2979 illis
181 2922 202 2992 Ι,
219 2920 330 2992 10,11.
361 2919 439 2993 ‘quas
454 2922 481 2975 in
496 2918 572 2974 libris
583 2919 749 2992 digestorum
765 2937 813 2977 seu
827 2920 1016 2995 pandectarum
1032 2935 1065 2974 ex

113 3007 197 3062 veteri
213 3007 271 3061 iure
285 3004 458 3060 collectarum
473 3005 622 3058 enumerari
638 3003 873 3076 permisimus’.
901 3003 926 3074 l,
944 3003 997 3074 11,
1015 3001 1064 3058 11.

115 3089 198 3146 ‘illius
213 3088 380 3161 adoptionIs,
403 3102 471 3159 quae
486 3102 536 3159 per
549 3103 652 3142 sacrum
668 3088 804 3144 oraculum
826 3086 871 3142 lit’
896 3086 932 3156 ll,
956 3086 990 3157 6,
1015 3084 1065 3142 14.

115 3171 219 3229 ‘nostra
233 3179 323 3228 autem
340 3171 427 3226 divina
442 3168 612 3226 constitutio’
627 3212 632 3223 .
648 3209 654 3224 .
668 3213 675 3227 .
688 3171 905 3226 ‘sacratissimum
922 3169 1063 3226 aerarinm’

116 3297 141 3311 ..
156 3255 213 3328 ,ΙΙ,
230 3256 278 3327 19,
295 3255 323 3312 6.
353 3253 458 3310 ‘nostra
473 3253 658 3310 benevolentia
672 3296 679 3311 .
695 3294 702 3309 .
716 3293 724 3309 .
740 3255 792 3309 hoc
806 3256 950 3326 praestavit
965 3252 1064 3310 beneb-

114 3343 184 3397 cium
203 3347 231 3396 ct
254 3341 472 3397 constitutionem
493 3345 545 3393 tam
567 3339 752 3410 aequissimam
768 3353 846 3409 quam
862 3337 979 3393 nobilem
1001 3339 1065 3393 scri·

114 3422 190 3497 psit'.
219 3423 257 3497 ll,
273 3423 323 3494 20,
339 3422 366 3480 2.
396 3422 501 3480 ‘nostra
515 3423 691 3493 constitutio,
713 3436 792 3492 quam
807 3436 865 3476 cnm
880 3437 975 3494 magna
990 3421 1066 3476 lucu·
