2492 3896
273 234 308 270 nn
326 235 459 271 mannum
475 234 629 279 coanrrars
647 237 682 272 rr
699 237 883 274 remansura
900 223 941 284 ΙΙ,
961 224 1001 277 19.
1073 219 1114 283 79

158 381 250 431 autem
266 374 300 431 de
314 384 407 449 quarta
422 375 552 447 diximus,
567 378 604 432 ita
619 376 829 450 intellegendum
845 384 895 448 est,
911 386 958 448 ut,
973 377 1028 432 sive
1044 393 1113 433 unus

157 459 243 514 fuerit
258 459 312 515 sive
326 459 435 536 piures,
456 459 552 533 quihus
567 476 647 533 agere
662 459 695 516 de
709 459 861 516 inofficioso
877 467 1037 517 testamento
1052 476 1113 534 per·

156 543 291 615 mittitur,
313 558 364 598 una
384 551 478 616 quarta
498 545 537 598 eis
556 542 613 599 dari
633 544 734 617 possit,
753 553 783 600 ut
801 553 925 618 prorata
940 543 1115 601 distribuatur

157 626 215 695 eis,
228 625 257 682 id
269 632 311 682 est
325 643 374 700 pro
390 627 458 683 virili
472 628 613 700 portione,
628 635 733 700 quarta.

567 839 625 880 flu.
638 837 702 878 m

230 921 280 973 DE
298 921 481 974 HEREDUM
498 922 704 986 QUALITATE
721 923 770 974 ΕΤ
788 922 1043 978 DIFFERENTIA.

223 1037 362 1099 ¹Heredes
381 1052 470 1100 autem
491 1053 538 1100 aut
554 1045 698 1101 necessarii
716 1045 844 1100 dicuntur
864 1052 911 1101 eut
924 1045 967 1101 sui
981 1053 1009 1100 et
1022 1061 1115 1100 neces·
1127 1066 1165 1106 Ρ..

155 1128 222 1184 sarii
241 1135 288 1183 aut
309 1130 437 1188 extranei.
473 1127 644 1184 Necessarius
664 1129 743 1184 hares
763 1137 805 1185 est
824 1145 917 1184 servus
937 1130 1016 1184 heres
1038 1129 1146 1184 insti-1

154 1219 251 1268 tutus:
274 1209 336 1266 ideo
351 1213 389 1268 sic
404 1210 570 1288 appellatur,
593 1213 669 1285 quia,
691 1213 746 1268 slve
766 1212 830 1268 velit
850 1213 906 1268 sive
921 1211 1004 1281 nolit,
1030 1211 1115 1268 omni·

155 1295 241 1351 modo
269 1301 335 1368 post
361 1303 475 1351 mortem
503 1297 641 1351 testatoris
662 1295 787 1368 protinus
810 1294 878 1352 iiber
899 1303 927 1352 et
948 1297 1116 1353 necessarius

155 1379 242 1434 heres
265 1376 305 1433 tit.
343 1379 414 1435 unde
436 1380 482 1452 qui
503 1379 644 1435 facultates
665 1395 726 1434 suas
740 1387 879 1452 suspectas
895 1378 1005 1447 habent,
1027 1379 1117 1435 solent

156 1478 271 1518 servum
291 1477 370 1517 suum
396 1464 484 1536 primo
507 1470 553 1518 aut
574 1460 693 1518 secundo
715 1461 758 1517 vel
778 1464 856 1517 etiam
878 1462 1009 1519 ulteriore
1030 1461 1116 1537 gradu

155 1545 288 1602 heredem
309 1547 462 1617 instituere,
484 1554 524 1616 ut,
546 1546 569 1601 si
585 1543 762 1601 creditoribus
783 1547 848 1600 satis
868 1561 924 1601 non
944 1544 1002 1616 iiat,
1025 1546 1116 1618 potios

159 1630 223 1685 eius
239 1628 347 1684 heredis
362 1628 431 1685 bona
447 1646 526 1702 quam
548 1630 633 1702 ipsius
648 1630 786 1684 testatoris
800 1645 815 1684 a
830 1627 1008 1684 creditoribus
1028 1627 1116 1703 possi·

157 1713 276 1769 deantur
297 1711 339 1768 vei
360 1712 541 1769 distrahantur
562 1713 604 1768 vei
625 1713 697 1768 inter
721 1729 768 1769 eos
793 1712 952 1768 dividantur.
994 1729 1044 1787 pro
1063 1711 1116 1768 hoc

159 1806 250 1852 tamen
267 1795 439 1852 incommodo
454 1796 521 1852 iliud
536 1798 560 1852 ei
575 1794 744 1853 commodum
758 1804 925 1870 praestatur,
940 1804 971 1851 ut
985 1812 1032 1869 ea,
1048 1812 1115 1870 quae

156 1887 225 1954 post
240 1888 354 1935 mortem
369 1881 476 1954 patroni
496 1882 538 1936 sui
561 1880 609 1936 sibi
626 1879 794 1953 adquisierit,
817 1881 868 1954 ipsi
882 1890 1065 1937 reserventur:
1088 1886 1116 1936 et

158 1964 285 2036 quamvis
307 1979 362 2018 non
382 1961 515 2020 sufficiant
537 1963 605 2019 bona
626 1962 745 2020 defuncti
759 1962 950 2033 creditoribus,
970 1966 1067 2020 iterum
1083 1979 1116 2020 ax

159 2063 195 2103 ea
217 2063 297 2102 causa
317 2062 362 2102 res
382 2049 454 2118 eius,
477 2064 542 2120 quas
560 2047 610 2104 sibi
630 2047 800 2120 adquisierit,
822 2063 877 2102 non
897 2055 1024 2104 veneunt.
1068 2046 1146 2102 Suit

161 2137 253 2186 autem
277 2138 305 2186 et
325 2132 468 2186 necessarii
489 2130 601 2187 heredes
629 2139 693 2185 sunt
719 2130 802 2186 veluti
824 2129 911 2200 filius,
939 2127 1008 2202 filia,
1030 2145 1116 2201 nepos

159 2215 307 2288 neptisque
324 2229 356 2268 cn
371 2211 427 2270 filio
442 2222 471 2270 et
485 2213 609 2287 deinceps
630 2215 712 2269 ceteri
726 2211 819 2284 liberi,
840 2214 886 2285 qui
900 2211 980 2268 modo
996 2215 1023 2268 in
1037 2219 1115 2286 pote·

159 2306 231 2354 state
254 2298 393 2352 morientis
416 2297 524 2354 inerint.
561 2298 608 2353 sed
630 2305 766 2370 atnepos
792 2297 913 2370 neptisve
935 2297 977 2352 sui
1001 2296 1115 2354 heredes

160 2383 234 2452 sint,
248 2397 305 2436 non
320 2378 436 2451 suffieit,
456 2397 517 2438 eum
532 2397 621 2437 eamve
636 2381 663 2435 in
677 2387 812 2453 potestate
828 2381 869 2435 ari
883 2381 978 2436 mortis
992 2389 1115 2454 tempore

158 2465 255 2534 fuisse,
272 2463 320 2520 sed
335 2481 404 2538 opus
419 2472 471 2535 est,
487 2473 517 2520 ut
531 2473 606 2538 pater
621 2465 678 2520 eius
693 2465 753 2519 vivo
768 2471 846 2537 patre
861 2480 911 2520 suo
926 2463 1035 2523 desierit
1048 2483 1114 2522 suus

159 2551 241 2604 heres
265 2564 340 2619 esse,
363 2555 410 2604 aut
430 2556 518 2604 morta
539 2549 705 2621 interceptus
728 2554 774 2602 aut
796 2547 915 2621 qualibet
936 2549 985 2606 alia
1011 2551 1115 2606 ratione

159 2632 289 2689 liberatus
304 2639 452 2704 potestate:
474 2640 539 2688 tunc
554 2634 624 2688 enim
639 2647 723 2705 nepos
738 2634 859 2705 neptisve
879 2633 907 2687 in
926 2632 1014 2688 locum
1028 2635 1114 2706 patris

159 2718 204 2772 sui
222 2715 351 2772 succedit.
389 2714 436 2770 sed
456 2718 498 2771 sui
519 2715 624 2788 quidem
644 2714 757 2771 heredes
776 2715 837 2771 ideo
854 2715 1038 2789 appellantur,
1053 2718 1115 2788 quia

161 2800 303 2856 domestici
324 2798 437 2854 heredes
460 2807 524 2855 sunt
550 2807 577 2855 et
604 2799 664 2853 vivo
687 2815 796 2872 quoque
818 2806 894 2871 patre
917 2796 1113 2871 quodammodo

160 2883 263 2939 domini
282 2883 478 2944 existimantur.
510 2881 579 2938 unde
600 2882 697 2952 etiam,
719 2884 742 2937 si
757 2882 816 2954 quis
832 2882 974 2936 intestatus
990 2889 1113 2937 mortuus

161 2969 208 3036 sit,
223 2967 308 3040 prima
322 2983 402 3023 eausa
417 2973 458 3021 cst
477 2967 505 3022 in
520 2968 690 3022 successione
704 2963 860 3021 liberorum.
891 2965 1035 3019 necessarii
1049 2981 1113 3022 vero

161 3050 222 3106 ideo
238 3049 379 3123 dicuntur,
395 3051 456 3123 quia
471 3049 640 3121 omnimodo,
655 3051 711 3106 sive
726 3047 807 3103 velint
822 3048 878 3102 sive
893 3047 996 3117 nolint,
1013 3059 1066 3103 tam
1080 3047 1113 3104 ab

161 3135 290 3190 intestato
312 3150 390 3207 quam
410 3149 442 3189 cx
461 3141 622 3189 testamento
641 3131 754 3188 heredes
769 3128 847 3186 fiunt.
884 3130 931 3186 sed
946 3132 988 3186 his
1005 3139 1115 3205 praetor

160 3219 295 3292 permittit
313 3217 463 3274 volentibus
478 3216 612 3272 abstinere
632 3233 662 3272 se
681 3213 891 3287 concreditam,
915 3223 945 3271 ut
958 3217 1051 3288 potius
1065 3231 1113 3288 pa·

233 3477 253 3544 ¹)
267 3496 310 3544 pr.
328 3480 367 3542 ἐξ.
386 3483 475 3532 1...4
490 3482 548 3545 sere
565 3501 599 3522 =
618 3480 673 3530 Gai.
691 3481 719 3541 2,
741 3479 907 3534 152...158.
