2492 3896
146 167 187 230 78
352 183 389 217 nn
409 180 767 217 133331313333333333333
785 167 822 227 Π,
843 169 885 218 18.

146 325 244 380 mentis
257 323 376 395 luerunt,
392 338 453 378 cnm
463 327 651 377 testamentum
669 321 832 377 ordinarent.
863 321 911 376 sed
925 321 978 376 boc
992 320 1102 393 dicitnr,

147 424 202 463 non
217 407 368 480 quasivero
383 398 521 461 inriosus¹
537 406 588 474 sit,
610 404 658 460 sed
672 413 745 461 recte
757 404 864 477 quidem
879 403 943 460 iecit
958 410 1103 461 testamen·

146 498 221 560 turn,
240 506 296 544 non
310 496 398 545 sutem
418 505 450 544 en
470 486 558 544 cilicio
574 490 695 560 pietatis:
717 504 777 544 nam
798 490 821 542 si
836 503 897 544 vore
913 488 1031 544 luriosus
1047 497 1102 559 est,

115 585 128 632 1
147 573 250 629 nullum
270 581 313 629 est
333 580 532 628 testamentum.
562 570 621 626 Non
642 579 744 627 tantum
764 578 853 628 autem
874 570 963 627 liberis
985 573 1101 645 permis-

147 673 206 712 sum
221 664 263 712 est
281 665 420 730 parentum
435 662 625 712 testamentum
645 653 825 712 inofficiosum
845 671 985 724 accusare,
1005 671 1101 710 verum

147 741 226 796 etiam
247 739 404 812 parentibus
424 738 578 796 liberorum.
615 755 696 794 soror
710 747 800 795 antem
822 746 849 794 et
870 739 953 794 frater
974 737 1100 811 turpibus

146 824 269 896 personis
289 825 395 898 scriptis
417 822 559 879 heredibus
579 838 611 877 ex
632 825 713 878 sacris
734 821 971 879 constitutionibus
985 823 1100 894 praelati

147 917 224 963 sunt:
246 923 300 963 non
321 924 387 982 ergo
409 914 503 964 contra
523 922 616 962 omnes
636 905 748 961 heredes
770 922 850 981 agere
864 913 989 979 possunt.
1027 907 1100 961 ultra

146 990 243 1047 iratres
263 998 290 1047 et
310 1007 419 1047 sorores
434 991 543 1065 cognati
562 989 637 1045 nullo
658 988 738 1044 modo
759 999 806 1045 aut
826 1006 906 1062 agere
921 996 1036 1062 possunt
1051 998 1100 1046 aut

114 1085 129 1132 2
147 1084 258 1148 agentes
271 1076 385 1130 vincere.
416 1074 480 1128 Tam
494 1082 583 1128 autem
598 1073 732 1128 naturales
747 1071 840 1145 liberi,
855 1089 935 1146 quam
950 1073 1100 1129 secundum

146 1166 253 1212 nostrae
274 1149 495 1213 constitutionis²
516 1156 672 1212 divisionem
691 1155 810 1230 adoptati
832 1159 868 1212 ita
888 1157 994 1212 demum
1010 1157 1043 1212 de
1057 1159 1100 1213 in·

147 1239 269 1297 officioso
284 1248 445 1296 testamento
461 1256 542 1315 agere
555 1248 685 1313 possunt,
706 1242 729 1295 si
743 1239 818 1295 nullo
839 1241 892 1296 alio
907 1242 966 1295 iure
981 1239 1013 1296 ad
1027 1239 1100 1298 bona

146 1322 265 1380 defuncti
284 1326 374 1382 venire
394 1333 517 1397 possunt.
547 1341 607 1380 narn
627 1325 673 1398 qui
694 1323 745 1379 3113
759 1326 818 1379 iure
831 1325 942 1379 veniunt
958 1323 990 1379 ad
1012 1331 1098 1380 totam

145 1407 322 1464 hereditatem
336 1408 378 1464 vel
392 1416 494 1482 partem
509 1410 578 1478 eius,
594 1407 626 1462 de
640 1406 791 1464 inofficioso
804 1424 885 1481 agere
900 1424 955 1463 uon
969 1417 1097 1481 possunt.

146 1493 265 1565 postumi
279 1508 402 1568 quoque,
424 1493 469 1565 qui
484 1491 558 1548 nullo
579 1491 631 1547 alio
651 1493 709 1547 inre
724 1493 814 1547 venire
828 1498 958 1564 possunt,
980 1491 1013 1547 de
1027 1492 1098 1547 1331-

113 1573 240 1636 3131333
260 1592 340 1650 agere
360 1585 485 1648 possunt.
520 1574 572 1630 Sed
592 1575 658 1631 haec
671 1576 709 1630 ita
723 1574 874 1648 accipienda
890 1584 967 1646 sunt,
990 1578 1013 1630 si
1029 1575 1098 1631 nihil

146 1659 184 1714 eis
195 1661 303 1731 penitus
316 1675 330 1713 3
341 1657 516 1715 testatoribus
528 1664 686 1714 testamento
698 1657 822 1715 relictum
834 1665 887 1716 est.
916 1659 988 1732 quod
1003 1667 1099 1715 nostra

146 1734 325 1797 constitutio³
336 1741 368 1797 ad
385 1741 568 1797 verecundiam
580 1749 689 1797 naturae
700 1740 858 1800 introduxit.
882 1743 924 1796 sin
935 1758 999 1797 vero
1012 1759 1098 1815 qnan-

146 1833 287 1896 tacumque
302 1841 365 1898 pars
379 1823 535 1880 hereditatis
556 1824 595 1879 331
616 1841 660 1880 res
676 1827 714 1880 eis
729 1824 811 1881 inerit
825 1824 936 1896 relicta,
956 1825 991 1881 de
1006 1825 1096 1881 inoffi-

145 1901 240 1963 313334
255 1908 363 1981 querela
378 1909 548 1981 quiescente,
563 1907 605 1977 id,
621 1908 691 1981 quod
708 1909 747 1963 eis
762 1908 851 1977 deest,
866 1925 952 1980 usque
967 1909 1000 1964 ad
1016 1925 1098 1983 qnar-

145 2000 201 2049 tam
214 1991 351 2066 legitimae
366 1993 449 2065 partis
463 1990 598 2064 repletur,
619 1991 683 2048 licet
698 2008 751 2047 non
767 1991 849 2048 fuerit
864 1992 1011 2067 adiectum,
1032 1991 1099 2048 boni

112 2076 194 2134 tviri
213 2074 343 2132 arbitratu
364 2074 461 2130 debere
482 2091 539 2131 eam
563 2073 671 2148 repleri.
707 2075 735 2130 Si
760 2083 835 2131 tutor
862 2076 970 2131 nomine
990 2076 1097 2148 pupilli,

147 2161 222 2215 cuius
242 2159 352 2215 tutelam
372 2158 498 2232 gerebat,
520 2176 552 2216 ex
572 2167 732 2215 testamento
753 2160 836 2233 patris
856 2160 897 2214 sui
912 2159 1032 2232 legatum
1055 2176 1098 2214 ao·

145 2244 257 2316 ceperit,
276 2260 336 2299 curn
351 2243 418 2297 nihil
433 2251 490 2298 erat
504 2245 556 2316 ipsi
570 2245 655 2298 tutori
669 2243 794 2299 relictum
807 2258 821 2296 a
837 2250 913 2315 patre
927 2258 988 2314 suo,
1011 2243 1096 2298 nihilo

144 2327 233 2381 minus
247 2327 333 2398 possit
344 2327 452 2380 nomine
462 2342 512 2381 suo
528 2327 560 2381 de
573 2324 722 2382 inofficioso
733 2329 818 2398 patris
828 2334 989 2382 testamento
1005 2341 1096 2399 agere.

111 2420 127 2469 5
144 2407 197 2464 Sed
213 2416 239 2463 et
254 2410 277 2463 si
292 2424 306 2462 e
321 2410 455 2463 contrario
468 2409 564 2482 pupilli
578 2410 701 2482 nomine,
723 2411 765 2464 cui
786 2409 852 2465 nibil
866 2409 988 2465 relictum
1004 2409 1098 2482 luerit,

145 2490 177 2546 de
191 2489 343 2546 inofficioso
359 2493 445 2562 egerit
461 2499 487 2547 ot
503 2501 646 2565 superatus
662 2500 713 2562 est,
735 2493 792 2565 ipse
808 2493 880 2565 quod
895 2493 945 2548 sibi
958 2495 986 2548 in
1001 2493 1098 2549 eodem

109 2588 126 2637 3
144 2582 305 2630 testamento
321 2573 438 2646 legatum
453 2574 576 2632 relictum
590 2585 647 2645 est,
668 2593 723 2631 non
738 2578 844 2632 amittit.
875 2575 961 2650 igitur
976 2585 1098 2648 quartam

145 2659 203 2732 quis
231 2657 310 2714 debet
334 2655 447 2729 babere,
470 2665 501 2713 ut
527 2659 560 2714 de
580 2657 731 2714 inofficioso
753 2667 912 2714 testamento
939 2676 1019 2733 agere
1038 2676 1097 2715 non

143 2743 243 2814 possit:
264 2743 319 2797 slve
334 2741 392 2796 iure
407 2739 567 2798 hereditario
582 2744 638 2804 sive
657 2743 716 2797 iure
736 2743 819 2815 legati
832 2742 873 2798 331
888 2740 1098 2815 fideicommissi,

118 2849 121 2852 ·
142 2825 186 2881 331
197 2827 220 2882 31
232 2827 328 2881 mortis
339 2840 419 2881 cansa
429 2825 454 2880 ei
467 2832 559 2897 quarta
571 2825 668 2881 donata
680 2825 772 2897 inerit,
790 2825 834 2882 331
845 2828 915 2882 intcr
926 2829 998 2883 vivos
1014 2828 1041 2881 in
1053 2827 1097 2882 bis

143 2908 328 2965 tantummodo
349 2908 469 2979 casibus,
489 2925 603 2982 quorum
623 2918 717 2965 nostra
738 2903 916 2965 constitutio¹⁵
931 2912 1098 2966 mentionem

111 3005 125 3052 'l
143 2992 221 3065 iacit,
236 2992 279 3048 331
294 2993 350 3048 aliis
366 2991 469 3064 modis,
490 2994 534 3064 qui
550 2992 786 3048 constitutionibus
802 2995 983 3050 continentur.
1019 2991 1098 3060 Quod

211 3152 230 3214 1)
249 3155 375 3203 eccidisse
386 3155 484 3204 uidetur
496 3157 611 3205 testatus
622 3155 657 3218 of.
673 3155 732 3219 Dip.
747 3163 773 3205 et
787 3156 896 3219 Tbeopb.
965 3153 986 3218 ²)
1003 3157 1036 3210 L.
1056 3158 1097 3206 10.

144 3222 171 3274 0.
195 3223 227 3272 de
249 3223 337 3284 adopt.
361 3217 400 3282 (8,
418 3219 572 3286 473148).
674 3219 694 3287 ³)
718 3223 750 3270 L.
774 3225 815 3273 30.
837 3222 865 3272 O.
888 3224 920 3272 de
941 3224 1013 3287 inoff.
1037 3229 1097 3276 test.

143 3287 183 3351 (3,
201 3287 253 3352 28).
320 3284 342 3350 ⁴)
362 3287 394 3336 ds
411 3287 562 3338 inofficioso
583 3288 692 3352 Tbeoplu.
712 3296 737 3338 et
756 3291 855 3353 quidam
872 3291 948 3340 codd.
966 3290 1043 3352 infer.
1064 3289 1099 3338 de

142 3353 289 3404 inofficiosi
301 3355 374 3406 codd.
386 3363 434 3404 vet.
446 3358 486 3406 ed.
498 3355 548 3407 Kr.
560 3353 708 3407 inofficiosi
719 3358 764 3405 alii
775 3357 813 3405 ed.
826 3355 899 3406 Soleo.
968 3357 990 3419 5)
1008 3357 1041 3408 L.
1055 3359 1099 3411 35.

142 3421 166 3482 5.
184 3423 208 3472 2.
227 3421 254 3471 0.
274 3423 305 3471 de
322 3422 393 3485 inoff.
413 3428 469 3476 test.
489 3421 523 3486 (3,
542 3425 595 3484 28).
