2472 3896
493 194 528 228 nn
545 194 652 230 rursus
669 180 745 244 1,13.
1057 177 1097 240 21

143 327 337 390 ¹Admonendl
360 341 449 392 autem
471 351 585 404 sumus,
612 333 726 390 liberum
747 349 808 390 esse
830 333 967 390 arbitrium
990 335 1030 404 ei,
1053 335 1133 407 quit

141 417 227 474 filium
239 426 267 473 et
282 434 362 475 exeo
377 425 505 492 nepotem
515 418 557 475 vel
571 425 679 491 neptem
695 419 723 473 in
735 425 867 491 potestate
883 417 1000 490 habebit,
1015 416 1100 473 filium

142 501 251 575 quidem
265 501 299 556 de
313 509 450 575 potestate
465 501 614 570 dimittere,
636 509 762 574 nepotem
777 517 842 557 vero
857 502 899 557 vel
914 510 1022 576 neptem
1037 503 1101 560 reti·

141 601 222 642 nere:
244 592 320 641 etex
340 585 446 641 diverso
461 583 546 641 fllium
562 584 669 659 quidem
683 587 710 640 in
725 592 859 658 potestate
875 586 1001 651 retinere,
1017 601 1101 659 nepo-

143 677 198 726 tem
213 685 278 726 vero
293 668 336 726 vel
350 677 459 743 neptem
480 670 666 724 manumittere
686 668 788 738 (eadem
804 677 832 725 et
846 667 879 726 de
894 678 1044 743 pronepote
1058 668 1101 725 vel

142 761 278 827 pronepte
290 750 362 809 dicta
377 769 437 808 esse
453 744 672 831 intellegantur),
687 752 728 809 vel
744 768 837 808 omnes
849 753 893 808 sui
903 754 969 808 iuris
984 752 1102 811 efficere.

143 836 238 892 Sedet
254 837 277 892 si
292 845 369 910 pater
384 834 478 907 lilium,
494 853 574 910 quem
588 838 615 892 in
630 843 766 909 potestate
774 835 864 908 habet,
880 853 928 892 avo
943 837 986 893 vei
1000 853 1100 910 proavo
1118 846 1134 896 8

143 920 260 977 naturali
273 920 421 977 secundum
437 930 544 976 nostras
559 911 787 977 constitutiones²
802 935 885 993 snper
899 920 941 976 his
956 920 1059 976 habitas
1074 921 1101 976 in

144 1003 319 1078 adoptionem
334 1004 449 1074 dederit,
464 1004 491 1060 id
506 1010 548 1063 est
557 1004 580 1060 si
591 1004 645 1060 hoc
658 1005 757 1076 ipsum,
771 1004 837 1060 actis
852 1003 1101 1069 intervenientibus,

144 1087 215 1161 apud
237 1096 434 1161 competentem
455 1087 569 1145 iudicem
596 1087 790 1158 manifestavit,
816 1096 957 1161 praesente
977 1104 1025 1160 eo,
1055 1088 1102 1161 qui

145 1171 300 1245 adoptatur,
321 1179 348 1226 et
364 1187 419 1227 non
434 1172 634 1228 contradicente
649 1187 699 1228 nec
713 1187 769 1226 non
783 1187 827 1241 eo,
845 1173 891 1245 qni
905 1171 1026 1246 adoptat,
1047 1170 1102 1227 sol·

143 1256 216 1310 vitur
231 1254 338 1327 quidem
361 1255 402 1309 ius
423 1255 566 1327 potestatis
580 1255 665 1327 patrie
685 1254 829 1320 naturalis,
850 1257 948 1311 transit
961 1263 1051 1312 antem
1073 1255 1102 1310 ln

144 1337 300 1394 huiusmodi
314 1343 455 1410 parentem
470 1337 641 1410 adoptivum,
661 1339 689 1392 in
703 1339 778 1393 cuins
794 1354 909 1410 persona
929 1339 1102 1413 adoptionem

145 1421 327 1494 plenissimam
350 1436 410 1476 esse
432 1429 509 1476 antea
523 1418 645 1477 diximus.
688 1419 756 1474 illud
778 1429 867 1476 antem
890 1424 958 1478 scire
980 1429 1134 1496 oportent

146 1503 231 1578 quod,
253 1505 276 1559 si
297 1520 382 1560 nurus
404 1513 449 1560 tua
471 1520 504 1560 ex
525 1501 581 1559 filio
604 1511 652 1559 tno
675 1503 830 1576 conceperit
851 1512 878 1574 et
900 1502 983 1561 lilium
1005 1513 1101 1578 postea

145 1588 353 1660 emancipaveris
369 1587 410 1644 vel
425 1589 453 1643 in
468 1588 640 1662 adoptionem
660 1586 765 1643 dederis
780 1597 944 1660 praegnante
959 1605 1028 1644 nuru
1043 1595 1099 1664 tna,

142 1671 230 1728 nihilo
244 1673 331 1727 minus
346 1671 419 1744 qnod
434 1687 467 1728 er
488 1687 519 1728 ea
539 1673 674 1742 nascitur,
693 1669 723 1725 in
741 1678 878 1742 potestate
898 1681 946 1728 tua
965 1673 1100 1729 nascitur:

143 1754 218 1829 quod
232 1756 256 1811 si
270 1763 335 1829 post
346 1756 582 1830 emancipationem
594 1753 636 1810 vel
647 1754 818 1827 adoptionem
833 1754 914 1812 luerit
929 1763 1099 1830 conceptum,

143 1841 228 1913 patris
250 1841 291 1895 sui
314 1840 472 1912 emancipati
494 1838 536 1896 vel
559 1839 600 1894 avi
621 1837 739 1911 adoptivi
754 1841 882 1911 potestati
903 1839 1048 1896 subicitur:
1072 1848 1100 1896 et
1119 1847 1151 1897 10

144 1923 218 1995 quod
233 1939 322 1997 neque
343 1923 478 1978 naturales
497 1921 575 1978 liberi
595 1938 683 1995 neque
703 1920 821 1994 adoptivi
843 1922 898 1978 uilo
919 1940 1004 1997 paene
1019 1923 1101 1981 modo

144 2014 260 2081 possunt
275 2022 373 2080 cogere
387 2015 525 2080 parentem
540 2005 574 2061 de
588 2013 724 2078 potestate
740 2021 790 2060 sua
804 2021 852 2061 eos
867 2006 1012 2063 dimittere.

555 2232 612 2271 mu.
625 2233 692 2273 xm.

502 2334 553 2384 ΒΕ
571 2333 736 2385 TUTELIS.

210 2464 403 2528 ³'lranseamns
418 2489 491 2530 nunc
505 2472 538 2528 ad
558 2471 634 2528 aliam
654 2472 822 2531 divisionem.
853 2490 913 2530 uam
929 2492 960 2532 er
975 2475 1016 2531 his
1039 2492 1099 2549 per·
1112 2488 1148 2531 1³1.

145 2557 235 2627 sonis,
252 2572 321 2628 quae
335 2557 364 2611 in
377 2566 511 2630 potestate
526 2572 581 2612 nou
597 2565 676 2627 sunt,
697 2556 825 2630 quaedam
840 2558 881 2616 vel
895 2559 922 2615 in
939 2559 1021 2615 tutela
1037 2567 1100 2615 sunt

145 2641 185 2698 vel
207 2641 234 2696 in
257 2641 411 2712 curatione,
434 2641 563 2714 quaedam
586 2649 684 2696 neutro
704 2643 763 2697 iure
786 2650 920 2698 tenentur.
963 2641 1099 2698 videamus

145 2726 230 2799 igitur
251 2723 355 2792 dehis,
378 2740 446 2795 quae
461 2726 491 2780 in
505 2723 589 2780 tutela
603 2724 645 2780 vei
659 2726 686 2780 in
708 2727 847 2782 curatione
869 2733 948 2781 sunt:
970 2727 1007 2780 ita
1029 2727 1099 2781 enim

144 2809 333 2883 intellegemus
348 2815 450 2863 ceteras
469 2823 609 2881 personas,
630 2823 697 2881 qnae
716 2817 813 2865 neutro
828 2810 886 2864 inre
903 2817 1039 2864 tenentur.
1069 2825 1099 2864 ac

144 2894 218 2967 prius
240 2891 417 2966 dispiciamus.
432 2890 465 2947 de
487 2891 539 2963 his,
562 2907 629 2966 quae
651 2892 678 2948 in
701 2891 785 2948 tutela
803 2899 875 2951 sunt.
922 2885 993 2946 ⁴Est
1008 2900 1130 2953 antemi

145 2975 239 3050 tutela,
261 2985 291 3032 nt
306 2974 414 3032 Servius
429 2972 556 3047 definivit,
577 2977 620 3030 ius
640 2992 671 3032 ac
684 2982 805 3050 potestas
820 2976 949 3050 incapite
964 2974 1050 3032 libero
1065 2975 1098 3032 ad

210 3237 229 3305 ¹)
247 3260 281 3281 =
295 3239 350 3294 Gai.
369 3240 393 3300 l,
414 3240 462 3290 133
479 3245 541 3290 rest.
559 3239 591 3288 L.
609 3239 651 3289 28.
671 3240 703 3288 D.
721 3241 753 3289 de
770 3242 857 3305 adopt.
876 3237 959 3304 (1.7).
1023 3238 1044 3303 ²)
1063 3242 1096 3290 L.

133 3309 183 3358 .1o.
204 3309 244 3360 11.
264 3307 290 3357 0.
310 3309 343 3358 de
361 3309 448 3372 adopt.
467 3305 502 3372 (8,
520 3303 574 3368 48).
653 3304 675 3370 ³)
691 3326 725 3347 =
744 3307 799 3357 (iai.
819 3311 844 3372 1,
863 3309 920 3357 142.
941 3308 997 3360 143.
1073 3306 1097 3371 4)

143 3375 182 3492 ἐξ.
194 3377 265 3493 eibi.
322 3376 354 3424 L.
374 3376 398 3424 l.
415 3390 457 3439 pr.
476 3375 500 3436 5.
520 3375 543 3427 l.
562 3373 595 3422 D.
613 3375 646 3424 de
663 3375 733 3424 lutei·
753 3372 812 3439 (26,
832 3375 857 3441 i)
876 3390 911 3424 em
929 3375 1014 3424 Paulli
1029 3377 1047 3427 l.
1064 3375 1097 3425 38
