2472 3896
153 161 193 224 18
460 177 496 212 ns
514 175 702 213 snormorsmus
719 163 741 224 1,
761 166 799 213 11.

152 318 324 392 adoptionem
340 315 423 374 filium
439 315 513 389 iacit,
527 315 605 392 piena
620 316 773 391 pubertate,
792 317 820 374 id
836 324 878 374 est
892 317 983 374 decem
999 325 1027 374 et
1043 325 1118 376 octo

120 405 136 454 5
153 403 228 457 annis
243 401 412 474 praeoedere.
442 401 517 457 Licet
538 408 627 458 autem
643 409 670 458 et
690 402 717 458 in
732 401 821 457 iocum
837 403 944 474 nepotis
959 402 1001 458 vei
1016 405 1117 475 neptis

153 486 196 541 vel
214 484 346 540 inlocum
367 487 525 558 pronepotis
545 485 588 540 vei
609 485 749 559 proneptis
764 485 807 542 vel
821 485 947 559 deinceps
968 485 1117 559 adoptare,

120 569 272 640 aquamvis
293 567 377 624 iiiium
398 569 532 642 quianon
553 569 659 626 habeat.
688 567 721 624 iit
741 578 795 624 tam
810 568 894 625 filium
908 570 1023 626 alienum
1045 572 1117 643 quis

153 652 180 707 in
202 651 291 708 locum
313 654 420 727 nepotis
441 661 533 727 potest
554 653 696 726 adoptare,
719 669 797 726 quam
819 661 945 726 nepotem
967 651 1115 711 inlocum

93 795 96 801 ,
121 734 210 790 afiiii.
248 734 299 792 Sed
323 737 346 791 si
368 739 429 811 quis
450 739 558 809 nepotis
581 737 641 792 loco
664 736 775 811 adoptet
794 736 837 794 vei
852 738 928 810 quasi
942 753 974 792 er
990 752 1022 793 eo
1039 735 1114 808 filio,

153 835 231 893 quem
247 819 327 876 habet
341 822 392 877 iam
408 820 574 894 adoptatum,
590 819 632 875 vel
647 823 722 892 quasi
737 821 841 892 exilio,
862 837 941 893 quem
957 821 1113 878 naturalem

151 906 179 959 in
194 919 243 958 sua
263 912 398 977 potestate
418 905 511 961 habet:
533 907 561 960 in
580 919 613 958 eo
635 919 698 959 casu
718 914 744 960 et
760 903 830 959 filius
846 907 1000 961 consentire
1014 903 1113 976 debet,

150 1003 186 1043 ne
201 988 225 1043 ei
244 989 327 1044 invito
349 1005 414 1045 suus
435 989 514 1044 heres
529 988 714 1060 adgnascatur.
745 988 792 1044 sed
806 1004 838 1043 er
853 991 988 1045 contrario
1003 990 1027 1043 si
1041 1005 1113 1045 avus

152 1087 185 1126 er
206 1068 260 1128 lilio
282 1082 408 1144 nepotem
429 1071 473 1126 dat
494 1073 521 1127 in
540 1071 728 1144 adoptionem,
750 1088 805 1127 non
826 1079 867 1128 est
886 1083 998 1128 necesse
1020 1070 1112 1130 fllium

118 1157 135 1205 8
152 1155 314 1212 consentire.
350 1156 379 1211 ln
393 1155 516 1229 plurimis
530 1162 619 1210 autem
635 1157 721 1212 causis
736 1153 901 1212 adsimilatus
914 1157 953 1227 is,
980 1158 1026 1229 qui
1041 1157 1109 1212 edo·

153 1246 243 1311 pratus
258 1239 300 1295 vel
316 1239 462 1313 adrogatus
477 1247 530 1311 est,
546 1240 580 1309 ei,
596 1241 641 1312 qui
658 1255 689 1294 es
704 1239 825 1313 legitimo
841 1241 1009 1296 matrimonio
1025 1248 1108 1296 natus

153 1330 204 1378 est.
235 1328 262 1377 et
275 1323 336 1379 ideo
355 1324 378 1378 si
394 1323 454 1396 quis
474 1339 523 1396 per
537 1324 723 1397 imperatorem
740 1325 794 1379 sive
810 1323 879 1396 apud
893 1333 1046 1397 praetorem
1062 1325 1109 1381 vel

152 1405 222 1479 apud
236 1406 385 1479 praesidem
404 1408 556 1481 provinciae
577 1423 632 1462 uon
647 1415 801 1463 extraneum
816 1407 1000 1480 adoptaverit,
1012 1415 1108 1480 potest

118 1490 265 1546 9eundem
292 1492 336 1548 alii
363 1492 391 1547 in
418 1490 588 1564 adoptionem
616 1489 689 1546 dare.
734 1482 805 1546 ¹Sed
826 1500 853 1546 et
874 1490 940 1546 iilud
963 1493 1108 1566 utriusque

152 1575 305 1647 adoptionis
325 1591 466 1631 commune
485 1582 537 1645 est,
560 1573 633 1648 quod
655 1582 683 1630 et
703 1575 742 1646 hi,
765 1575 811 1646 qui
827 1590 956 1648 generare
971 1592 1025 1630 non
1040 1593 1106 1648 pos·

150 1666 225 1726 sunt,
241 1659 333 1730 quales
348 1667 411 1713 sunt
431 1657 576 1731 spadones,
595 1656 723 1730 adoptare
742 1666 869 1731 possunt,
890 1661 1000 1714 castrati
1014 1668 1105 1716 autem

103 1744 135 1793 10
152 1757 207 1796 non
222 1750 349 1814 possunt.
378 1735 521 1797 ²Feminae
543 1757 652 1813 quoque
666 1741 793 1814 adoptare
813 1757 868 1797 non
888 1750 1018 1818 possunt,
1042 1745 1105 1816 quie

152 1839 202 1879 nec
221 1825 356 1881 naturales
377 1824 477 1880 liberos
497 1826 525 1879 in
546 1833 680 1897 potestate
701 1841 748 1880 sua
764 1824 876 1881 habent:
898 1826 945 1880 sed
961 1843 992 1882 ex
1015 1825 1105 1883 indui·

152 1909 244 1980 gentia
265 1911 393 1982 principis
421 1908 453 1963 ad
475 1908 601 1964 solatium
628 1906 774 1965 liberorum
796 1910 954 1964 amissorum
976 1909 1106 1984 adoptare

103 1995 131 2042 11
151 2002 277 2066 possunt.
316 1987 401 2049 ³illud
416 1994 554 2066 proprium
570 2000 611 2048 est
625 1991 696 2048 iilius
712 1993 876 2066 adoptioniS,
900 2009 969 2066 quae
990 2010 1039 2066 per
1061 2009 1105 2050 sa-

151 2093 226 2132 crum
243 2078 380 2135 oraculum
395 2076 435 2147 iit,
459 2075 531 2150 quod
545 2077 579 2148 is,
602 2077 648 2150 qui
662 2076 760 2132 liberos
776 2078 803 2131 in
820 2084 955 2149 potestate
971 2077 1060 2149 habet,
1079 2081 1106 2134 si

151 2177 180 2214 se
196 2162 379 2236 adrogandum
398 2161 511 2233 dederit,
534 2177 589 2216 non
609 2160 696 2216 solum
717 2162 775 2233 ipse
790 2162 919 2233 potestati
933 2161 1105 2234 adrogatoris

151 2244 296 2318 subicitur,
325 2246 371 2301 sed
401 2248 480 2302 etiam
508 2243 586 2300 liberi
608 2245 665 2299 eius
687 2246 714 2299 in
736 2242 855 2299 eiusdem
878 2241 945 2300 fiunt
967 2252 1105 2318 potestate

152 2334 285 2400 tamquam
300 2337 422 2402 nepotes.
457 2330 496 2384 sio
507 2330 577 2383 euim
593 2337 620 2384 et
635 2328 711 2383 divus
725 2329 865 2401 Augustus
880 2343 935 2383 non
950 2337 1011 2384 ante
1026 2328 1105 2384 ‘libe-

150 2411 219 2465 rium
242 2411 388 2485 adopiavit,
413 2427 492 2484 quam
513 2413 536 2466 is
548 2411 732 2482 Germanicum
754 2411 904 2483 adoptavit:
926 2421 956 2468 ut
977 2414 1106 2485 protinus

102 2496 132 2544 12
151 2492 294 2568 adoptione
312 2495 380 2550 iacta
396 2496 505 2569 incipiat
522 2495 692 2551 Germanicus
703 2495 820 2568 Augusti
830 2511 915 2568 nepos
928 2509 995 2552 esse.
1025 2497 1104 2570 Apud

150 2575 277 2633 Catonem
299 2578 368 2634 bene
390 2581 518 2652 scriptum
540 2577 624 2633 reiert
644 2581 799 2652 antiquitas,
821 2581 889 2635 servi
913 2579 936 2634 si
958 2596 971 2634 a
991 2579 1105 2636 domiuo

151 2662 269 2736 adoptati
291 2664 355 2734 sint,
375 2679 407 2718 er
423 2663 479 2732 hoc,
489 2665 547 2735 ipso
563 2678 644 2736 posse
659 2661 776 2718 liberari.
812 2663 882 2718 unde
898 2672 925 2718 et
939 2679 989 2719 nos
1005 2663 1105 2720 eruditi

149 2748 177 2801 in
200 2753 294 2803 nostra
309 2739 523 2803 constitutione⁴
545 2744 623 2800 etiam
646 2761 706 2801 eum
728 2762 844 2819 servum,
866 2759 945 2820 quern
968 2747 1103 2820 dominus,

150 2832 215 2886 actis
231 2831 480 2904 intervenientibus,
503 2828 587 2885 filium
607 2846 686 2884 suum
706 2833 892 2904 nominaverit,
914 2830 1028 2886 liberum
1041 2844 1103 2888 esse

150 2916 355 2987 constituimus,
376 2915 439 2972 lieet
454 2918 506 2971 hoo
520 2914 552 2969 ad
566 2914 608 2968 ius
623 2912 670 2969 filii
685 2914 867 2988 accipiendum
883 2915 908 2971 ei
920 2925 977 2970 non
992 2912 1101 2972 suffieit.

221 3125 240 3189 1)
259 3129 472 3191 =caa.1‚1oa.
569 3125 920 3192 *tparram=oaa.r,1oa.
1010 3124 1030 3192 ⁸)
1048 3129 1101 3181 ansa

148 3195 206 3258 sere
218 3216 251 3236 ==
266 3196 322 3246 Gai.
338 3198 360 3253 1,
376 3197 433 3246 107.
451 3196 483 3245 L.
496 3195 522 3260 2,
533 3195 555 3256 ἓ.
569 3195 593 3246 2.
612 3197 645 3252 D,
663 3198 695 3246 de
713 3199 800 3260 adopt.
818 3195 900 3258 (1,7).
986 3192 1007 3257 ⁴)
1026 3195 1059 3246 L.
1079 3198 1102 3250 1.

150 3264 175 3324 s.
190 3265 230 3314 no.
250 3263 276 3316 c.
296 3264 328 3312 ae
345 3263 407 3312 aar.
425 3261 466 3314 rte.
485 3265 536 3314 sora.
555 3263 589 3326 (a,
608 3261 643 3328 a).
