2492 3896
268 221 319 254 aaa
336 219 409 262 oues
426 218 563 256 sassones
580 219 660 260 scura
676 205 929 270 murmurante.
1038 203 1078 268 57

122 359 246 431 seirent„
263 376 322 416 ⁴¹netu
341 357 372 414 tit
393 360 566 433 accipientis,
588 377 648 417 cum
663 360 765 417 scilicet
784 360 885 418 nulbus
900 361 940 417 rei
954 359 1080 417 alienatio

123 445 162 503 eie
176 445 234 504 siue
249 445 350 502 tuteris
362 445 525 502 auctoritato
538 459 664 502 concessa
680 453 730 503 est

546 651 603 696 Μ.
615 653 657 698 IX.

217 739 289 792 PER
307 739 402 803 QUAS
417 739 605 792 'PERSONAS
623 740 731 792 NOBIS
749 738 985 804 ADQUIRITUR.

187 855 364 937 ¹ttquritur
379 861 457 920 uobis
471 879 527 920 neu
541 862 630 920 solum
644 879 694 937 per
707 872 814 920 nosmet
828 865 920 936 ipsos,
936 865 983 920 sed
998 865 1078 922 etiam
1091 875 1125 918 1²2

122 963 173 1022 per
186 963 248 1020 eos,
271 948 385 1020 quosin
398 955 533 1020 potestate
547 945 691 1004 habemus:
711 949 776 1004 uem
797 963 847 1020 per
861 963 908 1003 eos
920 965 1030 1018 servos,
1049 951 1080 1005 in

122 1031 220 1106 qubus
243 1030 440 1089 usumfructum
462 1029 604 1088 babemus:
631 1033 695 1088 item
717 1047 767 1104 per
788 1031 909 1088 homiues
931 1031 1031 1088 liberos
1053 1041 1081 1088 et

122 1132 217 1173 serres
233 1115 344 1186 adesos,
360 1131 430 1191 quos
445 1114 515 1174 bona
530 1114 582 1171 lide
596 1115 775 1189 possidemus.
803 1115 836 1171 de
852 1115 950 1188 quibus
964 1115 1079 1190 siugulis

122 1199 280 1273 diligentius
300 1197 479 1272 dispiciamus.
519 1198 606 1272 igitur
625 1199 702 1256 liberi
724 1200 803 1255 vestri
825 1201 967 1272 utriusque
988 1215 1079 1272 sexus,
1099 1205 1110 1253 1

123 1300 193 1358 quos
206 1284 237 1338 in
249 1291 385 1355 potestate
399 1282 519 1354 habetis,
541 1283 604 1340 olim
620 1284 742 1356 quidem,
764 1282 893 1357 quidquid
909 1283 941 1338 ad
956 1299 1003 1340 eos
1018 1299 1081 1358 per·

121 1374 232 1428 venerat
247 1363 378 1440 (exceptis
392 1366 518 1424 videlieet
534 1365 715 1424 castrensibus
730 1360 874 1444 peculiis),
895 1367 948 1424 boc
962 1369 1081 1440 paremi-

122 1450 176 1508 bus
188 1448 428 1522 sausadquiretant
440 1451 500 1506 sine
509 1447 565 1506 ulla
578 1449 765 1506 distinetione-a
780 1458 809 1506 et
823 1450 876 1507 hoc
889 1453 926 1506 ita
939 1459 1081 1524 pareutum

123 1533 222 1602 fiebat,
243 1541 274 1590 ut
290 1541 363 1591 esset
377 1533 556 1604 obliteratis,
576 1533 650 1607 quod
666 1549 718 1606 per
738 1549 820 1589 ιιιιιιι
836 1532 877 1589 vel
892 1550 972 1590 unam
986 1549 1080 1590 eorum

123 1618 289 1692 adquisitum,
303 1624 361 1686 cst,
381 1617 425 1673 alii
440 1610 515 1672 iilio²
530 1617 572 1674 vel
587 1626 713 1674 munuca
728 1617 832 1674 tosus
847 1617 889 1674 rel
908 1617 1024 1673 uendere
1037 1617 1082 1676 rel

123 1715 296 1776 quocumque
307 1701 389 1758 medo
400 1701 553 1772 voluerant,
563 1701 706 1775 applicare.
737 1701 809 1774 quod
821 1701 899 1758 nobis
908 1701 1082 1758 inhumanum

121 1788 210 1844 risum
225 1795 267 1842 est
283 1784 445 1860 etpensrali
464 1777 793 1842 constitutioneiamissa
813 1793 841 1842 et
856 1784 945 1842 liberis
960 1786 1081 1860 peperci·

122 1887 183 1928 mus
198 1878 227 1928 ot
241 1868 361 1944 patribus
377 1869 497 1926 debitum
512 1870 715 1926 reservavimus.
745 1871 876 1926 sancitum
892 1871 990 1926 etenim
1005 1885 1081 1926 ano·

122 1954 164 2012 bis
179 1953 237 2020 est,
260 1963 305 2025 ut,
327 1952 435 2026 siquid
456 1969 490 2010 eu
509 1969 538 2009 re
557 1953 643 2026 patris
663 1955 686 2009 ei
710 1951 843 2025 obveniet,
865 1954 919 2010 hoc
933 1953 1081 2010 secundum

124 2040 264 2110 antiquam
282 2037 497 2094 observationem
527 2045 615 2092 totum
636 2038 740 2109 parenti
762 2036 886 2110 adquiret
909 2031 991 2112 (quae
1004 2037 1082 2094 ‘euim

123 2120 222 2182 inuidia
237 2128 294 2192 est,
317 2119 389 2193 quod
408 2135 442 2174 ex
456 2120 542 2192 patris
562 2121 702 2177 occasione
724 2120 874 2192 proiectum
894 2126 950 2190 est,
980 2120 1034 2177 hoc
1048 2119 1082 2175 ad

125 2221 190 2262 eum,
203 2196 348 2282 reuerti=i)a
370 2202 444 2274 quod
459 2210 548 2260 eutem
564 2219 597 2260 eu
612 2203 661 2258 alia
676 2219 755 2258 cauma
770 2203 822 2260 sibi
837 2202 1021 2259 filiusfamilias
1036 2203 1082 2258 ad·

127 2277 247 2361 quisirit,
262 2288 343 2345 huius
358 2285 555 2344 usumiructum
566 2286 672 2359 quidem
684 2288 754 2360 patri
768 2281 920 2361 adquirat‚⁴
934 2287 1081 2344 dominium

125 2378 215 2430 autem
240 2373 311 2445 apud
333 2387 393 2428 eum
418 2378 564 2438 remaneat,
586 2387 640 2440 ue,
669 2369 742 2443 quod
761 2373 787 2428 ei
806 2373 862 2427 suis
883 2370 1016 2428 laboribus
1039 2371 1081 2427 rel

125 2459 258 2531 praepara
272 2454 382 2512 fortuna
396 2455 519 2526 accessit,
534 2455 587 2512 hoc
601 2456 629 2510 in
643 2454 723 2510 alium
738 2457 911 2527 perventens,
927 2455 1081 2512 luctuosum

125 2541 152 2596 ei
165 2538 304 2612 procedat.
346 2537 457 2610 llooque
473 2555 488 2594 a
509 2537 586 2595 nobis
606 2538 767 2612 dispositum
785 2549 827 2596 est
846 2548 874 2596 et
892 2541 920 2595 iu
935 2555 966 2596 ea
980 2541 1081 2613 specie,
1099 2545 1116 2594 2

124 2622 171 2680 ubi
186 2639 284 2696 paream
299 2622 489 2696 emancipando
504 2622 616 2678 liberum
632 2639 664 2680 ex
682 2622 772 2692 rebus,
794 2641 861 2697 quae
875 2622 1082 2698 adquisitionem

126 2707 277 2781 effugiunt,
297 2705 348 2762 sibi
362 2714 467 2779 partem
487 2707 593 2762 tertiam
602 2708 735 2778 *retinereq
756 2709 780 2763 ai
793 2708 929 2778 voluerat,
949 2707 1081 2763 licentiam

126 2807 161 2848 ex
175 2789 356 2848 anterioribus
370 2789 609 2848 constitutionibus
621 2789 743 2862 habebat,
760 2793 835 2864 quasi
846 2807 895 2864 pro
910 2791 998 2864 pretio
1014 2805 1082 2863 que·

125 2874 267 2932 dammodo
288 2875 524 2946 emancipationis,
545 2881 572 2930 et
586 2874 760 2930 inhumanum
776 2868 921 2947 quiddam⁵
935 2873 1081 2943 accidebat,

125 2968 158 3015 ut
172 2957 243 3014 filius
255 2974 468 3016 rerumesuaruru
479 2974 513 3014 eu
522 2958 572 3015 bac
582 2959 793 3031 emancipatione
808 2957 926 3014 mininis
941 2973 991 3032 pro
1006 2965 1082 3031 parte

196 3204 216 3264 1)
227 3207 286 3270 fere
295 3226 328 3248 =
339 3205 395 3256 dat.
408 3207 433 3265 2,
443 3206 483 3256 86.
493 3206 535 3258 87.
545 3204 577 3255 L.
585 3219 627 3269 pr.
642 3206 682 3256 10.
696 3207 727 3257 D.
737 3207 770 3258 de
778 3221 836 3271 aeq.
842 3221 896 3256 rer.
906 3208 969 3257 dem.
982 3203 1033 3270 (41,
1045 3205 1082 3268 i).

126 3271 148 3338 ²)
173 3271 226 3322 Wl
251 3265 337 3342 ἑτέρῳ
363 3269 452 3322 παιδί
483 3272 592 3336 Tbcepb.
618 3271 674 3322 filio
704 3289 749 3323 om.
776 3275 820 3323 elii
846 3275 921 3327 codd.
946 3280 995 3322 oet.
1023 3274 1082 3324 edd.

125 3339 202 3390 Scbr.
221 3345 246 3390 et
263 3340 313 3390 Kr.
399 3338 419 3404 ³)
437 3339 470 3390 L.
490 3342 513 3394 6.
532 3339 560 3389 0.
577 3340 609 3390 de
627 3340 713 3402 benis,
739 3356 803 3406 quoe
820 3341 861 3390 lib.
880 3341 919 3404 (6,
937 3339 990 3403 61).
1058 3337 1080 3404 ⁴)

129 3407 242 3472 Tbeopb.
260 3409 334 3462 codd.
353 3408 429 3470 inser.
449 3407 575 3472 adquiret
597 3409 672 3458 codd.
691 3413 740 3458 oet.
758 3409 797 3458 ed.
815 3407 866 3462 Kr.
966 3407 987 3471 ⁵)
1005 3408 1080 3459 codd.

125 3470 203 3536 infer.
223 3475 289 3540 quid
305 3477 344 3524 vel
362 3475 469 3540 quidem
484 3482 535 3531 eet.
554 3475 617 3540 quid
636 3476 676 3528 ed.
693 3474 744 3524 Kr.
