2492 3896
133 152 192 216 118
313 169 348 204 ns
367 169 543 204 successione
562 168 735 204 umreronurr
751 155 801 217 ΙΙΙ,
819 157 833 204 'i
852 151 889 219 (8)

131 305 331 383 computetur),
345 309 450 365 nullum
463 309 551 366 locum
567 307 662 364 habeat
676 317 807 383 patronus
821 311 849 364 in
864 324 958 365 eorum
973 324 1081 365 succes-

131 395 245 463 sionem,
260 394 283 448 si
295 401 383 448 tamen
397 400 585 448 testamentum
595 392 717 454 iecerint.
745 394 884 448 sinautem
898 393 1016 447 intestati
1033 391 1081 447 de·

131 479 276 547 cesserint,
296 476 371 531 nullo
390 476 534 532 liberorum
549 475 659 548 relicto,
679 485 744 532 tunc
758 485 914 550 patronatus
929 477 986 544 ius,
1008 475 1082 549 quod

132 567 189 616 erat
211 577 243 615 ex
264 559 325 632 lege
339 559 479 616 duodecim
494 559 659 630 tabularum,
680 561 816 634 integrum
836 560 991 615 reservavit.
1019 575 1082 616 cum

131 659 195 699 vero
210 644 322 700 maiores
337 644 495 700 centenariis
509 645 578 715 sint,
599 645 620 698 si
644 644 757 700 heredes
772 644 811 700 rel
827 642 959 698 bonorum
974 659 1082 716 posses-

131 742 208 782 sores
222 725 320 783 liberos
333 727 447 784 babeant
462 728 517 783 sive
529 743 610 782 unum
626 729 681 784 sive
692 728 783 802 plures
795 728 986 799 cuiuscumque
1000 742 1082 782 sexus

131 809 173 865 vel
187 810 303 884 gradus,
325 811 356 866 ad
372 827 418 866 eos
433 812 629 867 successionem
649 819 788 884 parentum
804 810 976 879 deduximus,
996 810 1082 865 omni·

131 892 181 948 bus
202 895 322 967 patronis
344 911 474 951 unacum
494 911 542 950 sua
562 896 692 967 progenie
715 896 836 952 semotis.
865 897 906 949 sin
921 902 1009 949 autem
1023 894 1083 948 sine

131 976 221 1033 liberis
235 976 415 1048 decesserint,
430 979 453 1033 si
468 978 575 1051 quidem
589 979 724 1049 intestati,
739 977 771 1032 ad
787 993 891 1033 omnem
906 977 1082 1032 hereditatem

131 1069 260 1134 patronos
274 1071 453 1135 patronaeque
468 1063 634 1118 vocavimus:
654 1063 754 1117 sivero
769 1068 961 1116 testamentum
976 1060 1083 1133 quidem

131 1144 258 1216 iecerint,
273 1153 402 1218 patronos
417 1153 504 1200 autem
520 1144 561 1201 vel
582 1153 707 1217 patronas
722 1145 923 1218 praeterierint,
946 1160 1004 1200 cum
1020 1144 1081 1200 nul·

130 1227 172 1284 los
195 1228 293 1285 liberos
320 1229 449 1285 haberent
474 1227 515 1284 vel
542 1228 669 1285 babentes
696 1245 745 1285 eos
772 1227 1011 1300 exheredaverint,
1038 1227 1082 1283 vel

131 1320 217 1367 mater
231 1314 287 1367 sive
301 1329 366 1368 avus
381 1320 516 1368 maternus
535 1329 582 1367 eos
600 1313 784 1386 praeterierit,
806 1313 843 1366 ita
859 1319 958 1366 utnon
973 1313 1082 1386 possint

132 1397 209 1470 argui
229 1393 377 1454 inofficiosa
398 1412 492 1451 eorum
513 1403 682 1452 testamenta:
705 1404 768 1451 tunc
788 1411 821 1452 ex
840 1403 932 1450 nostra
947 1396 1081 1450 coustitu-

132 1481 206 1535 tiooe
219 1495 269 1553 per
282 1478 414 1535 bonorum
429 1481 626 1553 possessiouem
641 1488 733 1536 contra
749 1479 851 1535 tabulas
866 1495 920 1534 nou
936 1477 1080 1549 dimidiam,

131 1572 162 1618 ut
176 1572 250 1632 ante,
266 1562 314 1618 sed
329 1563 433 1619 tertiam
448 1571 549 1636 partem
565 1563 696 1619 bonorum
711 1562 800 1619 liberti
813 1568 1023 1635 consequantur,
1037 1562 1079 1618 vel

131 1646 204 1719 quod
219 1646 295 1701 deest
314 1648 366 1716 eis,
389 1662 421 1701 ex
439 1648 631 1702 constitutione
650 1654 742 1701 nostra
762 1646 912 1719 repleatur,
932 1645 1080 1719 siquando

130 1732 218 1784 minus
235 1731 312 1784 tertia
326 1737 401 1803 parte
420 1728 552 1784 bonorum
567 1746 678 1785 suorum
693 1728 805 1785 libertus
820 1729 859 1786 rel
873 1728 968 1784 liberta
983 1731 1022 1784 eis
1036 1746 1078 1785 re·

129 1812 274 1885 liquerint,
294 1813 329 1867 ita
343 1814 400 1867 sine
415 1828 512 1881 onere,
526 1821 558 1866 ut
571 1829 620 1868 nec
634 1812 724 1868 liberis
740 1812 828 1868 liberti
843 1813 986 1884 libertaeve
1001 1829 1033 1868 er
1048 1830 1080 1869 ea

130 1904 206 1969 parte
227 1895 316 1968 legata
335 1895 376 1951 vel
396 1894 596 1952 fideicommissa
617 1904 788 1969 praestentur
809 1895 855 1952 sed
878 1896 911 1952 ad
932 1896 1079 1952 coheredes

129 1979 182 2036 lroc
203 1994 271 2034 onus
291 1978 467 2048 redundaret;
488 1979 578 2035 multis
600 1979 658 2034 aliis
673 1978 778 2035 casibus
794 1995 807 2034 a
822 1979 900 2035 nobis
915 1981 943 2034 in
957 1979 1080 2054 praelata

129 2065 322 2119 constitutione
336 2065 525 2136 congregatis,
541 2079 609 2136 quos
624 2065 790 2120 necessarios
805 2079 865 2117 esse
879 2063 912 2117 ad
926 2063 1079 2120 huiusmodi

128 2149 195 2203 iuris
210 2147 411 2220 dispositionem
426 2148 620 2221 perspeximus:
643 2155 674 2203 ut
696 2155 748 2202 tam
769 2148 874 2219 patroni
895 2155 1079 2222 patronaeque

130 2248 209 2304 quam
229 2230 304 2308 liberi
324 2246 417 2286 eorum
437 2247 487 2286 nec
504 2248 557 2286 nou
578 2233 624 2303 qui
644 2247 675 2286 ex
694 2236 848 2286 transverso
869 2229 953 2286 latere
967 2233 1081 2288 veniunt

129 2330 215 2388 usque
230 2312 262 2369 ad
278 2315 400 2386 quintum
415 2314 524 2386 gradum
545 2314 577 2369 ad
598 2316 793 2370 successionem
808 2313 965 2370 libertorum
980 2332 1078 2372 vocen-

128 2405 182 2466 tur,
197 2397 269 2452 sicut
283 2414 314 2453 ex
328 2413 359 2452 ea
374 2399 567 2453 constitutione
577 2397 788 2470 intellegendum
803 2404 858 2453 est:
875 2406 905 2454 ut
919 2399 942 2453 si
958 2399 1078 2455 eiusdem

128 2481 235 2555 patroni
249 2479 291 2534 rel
305 2487 434 2552 patronae
449 2480 491 2535 vel
505 2481 619 2537 duorum
633 2481 744 2536 duarum
759 2481 907 2555 pluriumve
922 2483 976 2539 sint
991 2482 1076 2555 liberi,

127 2565 171 2638 qui
187 2564 333 2636 proximior
348 2572 399 2632 est,
413 2563 447 2618 ad
461 2562 549 2620 liberti
564 2581 612 2619 seu
627 2563 738 2621 libertae
753 2572 863 2620 vocetur
878 2567 1077 2623 successionem

127 2656 154 2704 et
168 2648 195 2702 iu
211 2647 310 2720 capita,
330 2662 385 2702 non
405 2649 431 2701 iu
452 2649 549 2720 stirpes
570 2648 702 2703 dividatur
716 2649 866 2719 successio,
887 2647 980 2704 eodem
995 2650 1076 2708 modo

127 2742 155 2789 et
169 2734 196 2788 in
212 2732 268 2802 bis,
290 2733 335 2804 qui
355 2747 387 2787 ex
402 2739 555 2786 transverso
570 2730 654 2787 latere
670 2734 793 2803 veniunt,
809 2731 948 2788 servando.
991 2750 1078 2806 paene

127 2817 197 2872 enim
218 2815 392 2871 consonantia
413 2815 472 2870 iura
492 2815 666 2888 ingenuitatis
688 2823 715 2870 et
730 2815 911 2872 libertinitatis
926 2816 952 2870 iu
968 2833 1077 2873 succes-

94 2898 247 2955 4sionibus
269 2899 390 2954 lecimus.
435 2897 487 2953 Sed
509 2899 574 2954 baec
595 2899 628 2954 de
649 2899 691 2954 his
713 2898 843 2955 libertinis
864 2900 944 2956 bodie
965 2898 1078 2957 dicenda

127 2991 203 3052 sunt,
228 2983 272 3055 qui
293 2984 319 3037 in
340 2984 470 3038 civitatem
485 2980 629 3038 Romanam
650 2989 844 3056 pervenerunt,
866 2999 926 3039 cum
941 2999 990 3038 uec
1012 2995 1077 3040 sunt
1136 3025 1140 3032 .

127 3066 171 3122 alii
186 3065 289 3136 liberti,
305 3066 383 3121 simul
399 3074 426 3121 et
440 3065 571 3121 dediticiis
586 3073 613 3121 et
627 3065 726 3122 Latinis
742 3064 871 3137 sublatis,
893 3083 953 3122 cum
968 3065 1078 3124 Latino·

126 3166 186 3205 rum
205 3149 340 3222 legitimae
360 3151 544 3206 successiones
565 3148 653 3205 nullae
673 3151 779 3223 penitus
794 3158 885 3223 erant,
907 3152 953 3224 qui
968 3150 1031 3207 licet
1045 3161 1077 3208 ut

125 3231 202 3288 liberi
213 3234 293 3289 vitam
301 3248 375 3287 suam
385 3233 559 3306 peragebant,
575 3242 691 3288 attamen
702 3235 761 3307 ipso
778 3232 872 3290 ultimo
884 3235 981 3307 spiritu
996 3236 1077 3292 simul

126 3317 237 3370 animam
259 3325 339 3389 atque
361 3314 510 3372 libertatem
533 3317 705 3389 amittebant,
727 3326 754 3373 et
781 3317 856 3390 quasi
878 3333 1016 3373 servorum
1039 3321 1076 3375 ita

125 3397 194 3454 bona
211 3415 303 3455 eorum
321 3401 380 3456 iure
396 3400 591 3472 quodammodo
607 3401 704 3475 peculii
725 3402 830 3474 exlege
845 3401 917 3457 lunia
932 3404 1075 3458 manumis-
