2500 3890
125 168 184 233 186
387 185 422 220 na
442 183 684 221 scamonrrorrmns
702 170 752 231 IV,
772 171 811 219 11.

542 367 599 409 TIT.
611 369 653 410 11.

401 453 450 502 Du
470 450 797 503 SATISDATIONIBUS.

74 585 110 626 Pr.
188 575 396 632 Satisdationum
412 573 507 630 modus
521 574 588 630 alius
604 576 756 648 antiquitati
770 574 887 648 placuit,
905 572 986 629 aliurn
1001 574 1076 630 novt·

126 669 167 716 tas
181 675 230 732 per
244 675 321 714 usum
338 657 457 731 amplexa
472 667 524 714 est.

190 737 275 799 ¹0lim
291 745 362 799 eninr
382 743 405 796 si
421 743 449 797 iu
464 758 520 797 rem
535 741 679 815 agebatur,
701 740 830 796 satisdare
845 756 989 814 possessor
1002 757 1077 796 com·

125 826 290 902 pellebatur,
311 836 355 895 ut,
376 826 399 881 si
420 825 505 881 victus
526 841 576 880 nec
595 840 651 880 rern
673 826 757 898 ipsam
779 826 935 880 restitueret
956 841 1008 881 nec
1022 824 1078 881 litis

125 913 350 980 aestimationem,
372 916 492 982 potestas
512 915 585 964 esset
605 909 715 981 petitori
736 915 782 963 aut
796 925 856 964 cum
872 924 905 962 eo
921 908 1017 979 agendi
1032 915 1079 964 aut

125 1011 185 1050 cum
201 992 402 1050 fideiussoribus
418 994 484 1048 eius.
514 1008 582 1065 quae
603 993 741 1047 satisdatio
757 985 961 1065 appellabatur²
976 991 1078 1047 iudica-

125 1086 182 1134 tum
194 1077 275 1132 solvi:
293 1077 362 1133 unde
374 1085 462 1132 autem
479 1077 519 1132 sic
533 1069 740 1149 appellabatur,²
755 1076 831 1132 facile
845 1082 888 1130 est
901 1074 1078 1149 intellegere:

125 1177 239 1235 namque
253 1153 452 1234 stipulabatur³
466 1161 543 1234 quis,
559 1168 589 1214 ut
603 1159 755 1216 solveretur
768 1160 835 1231 sibi,
850 1159 923 1231 quod
938 1160 1021 1215 luerit
1036 1160 1078 1215 lu-

125 1237 274 1301 dicatum.⁴
302 1243 386 1300 multo
402 1245 487 1317 magis
503 1244 540 1313 is,
562 1245 608 1316 qui
623 1244 650 1298 in
665 1260 721 1299 rern
737 1245 842 1299 actione
857 1242 1077 1308 conveniebatur,

125 1328 253 1386 satisdare
269 1327 426 1402 cogebatur,
442 1329 464 1382 si
480 1327 566 1382 alieno
578 1328 685 1382 nomine
696 1327 821 1383 iudicium
834 1325 988 1399 accipiebat.
1018 1327 1079 1400 ipse

125 1420 228 1482 antem,
252 1413 297 1485 qui
318 1413 345 1466 iu
366 1427 422 1467 rem
442 1410 553 1485 agebat,
575 1412 598 1465 si
614 1426 663 1466 suo
678 1413 785 1467 nomine
801 1409 923 1483 petebat,
945 1410 1078 1466 satisdare

125 1512 180 1551 non
195 1495 352 1570 cogebatur.
387 1504 547 1568 procurator
567 1511 632 1550 vero
653 1495 722 1549 siin
743 1511 799 1550 rem
814 1493 924 1566 agebat,
948 1494 1078 1550 satisdare

125 1578 266 1634 iubebatur
292 1587 374 1634 ratam
403 1595 459 1633 rem
486 1578 621 1634 dominnm
642 1577 809 1634 habiturum:
836 1576 983 1650 periculum
1006 1579 1079 1633 enirn

125 1671 199 1733 erat,
220 1680 255 1717 ne
274 1664 371 1718 iterum
392 1662 515 1717 dominus
535 1661 567 1716 de
588 1661 679 1716 eadem
695 1677 724 1716 re
739 1662 898 1735 experiatur.
930 1668 1036 1716 tutores
1051 1669 1080 1717 ct

124 1754 263 1801 curatores
278 1744 372 1801 eodem
388 1745 477 1815 modo,
494 1760 548 1818 quo
564 1752 591 1800 et
605 1754 807 1818 procuratores,
822 1743 952 1799 satisdare
966 1743 1078 1816 debere,

125 1828 204 1884 verba
224 1828 303 1883 edicti
324 1826 464 1886 iaciebant.
499 1828 545 1883 sed
564 1827 706 1899 aliquando
721 1829 763 1882 bis
778 1826 919 1900 agentibus
934 1828 1076 1884 satisdatio

94 1917 107 1964 1
126 1910 322 1968 remittebatur.
366 1911 436 1966 llaec
451 1912 487 1967 ita
502 1919 591 1979 erant,
617 1913 639 1966 si
655 1913 682 1966 in
697 1927 752 1966 rem
769 1911 905 1983 agebatur.
949 1911 990 1965 sin
1013 1927 1079 1967 vero

125 1998 152 2051 in
168 2011 325 2069 personam,
341 1994 373 2050 ab
388 1997 485 2051 actoris
502 1994 608 2068 quidem
624 2003 700 2068 parte
716 1995 806 2050 eadem
822 1993 993 2064 obtinebant,
1009 2011 1079 2066 quae

126 2080 239 2135 diximus
259 2081 286 2134 in
307 2081 429 2152 actione,
452 2095 503 2152 qua
523 2081 550 2134 in
570 2095 624 2134 rem
647 2080 746 2152 agitur.
790 2076 822 2134 ab
837 2079 894 2133 eius
910 2094 973 2132 vero
989 2085 1078 2154 parte,

126 2179 252 2236 cumque
267 2165 368 2237 agitur,
383 2165 406 2218 si
423 2163 528 2235 quidem
542 2162 628 2218 alieno
645 2164 753 2218 nomine
767 2161 862 2235 aliquis
877 2156 1080 2235 interveniret,⁵

127 2246 280 2302 omnimodo
300 2240 474 2318 satisdabat,⁶
496 2249 557 2320 quia
577 2262 655 2300 nemo
675 2245 802 2301 defensor
822 2247 850 2300 in
871 2245 954 2300 aliena
974 2247 1080 2302 resine

126 2331 298 2386 satisdatione
317 2330 430 2386 idoneus
450 2346 509 2385 esse
529 2329 657 2386 creditur.
701 2329 773 2402 quod
795 2329 818 2383 si
839 2330 950 2402 proprio
971 2331 1081 2386 nomine

126 2413 220 2485 aliquis
235 2412 361 2468 iudicium
376 2412 520 2486 accipiebat
534 2415 561 2468 in
576 2429 736 2486 personam,
756 2412 902 2468 iudicatum
917 2413 985 2468 solvi
1000 2415 1079 2469 satis·

126 2496 189 2552 dare
204 2512 257 2551 non
272 2497 429 2570 cogebatur.

92 2586 108 2632 2
188 2579 240 2635 Sed
255 2579 321 2634 haec
335 2579 414 2635 hodie
430 2580 507 2636 aliter
527 2580 711 2635 observantur.
748 2580 802 2634 sive
819 2580 889 2634 enim
903 2580 964 2651 quis
979 2579 1006 2635 in
1020 2596 1079 2635 rem

126 2665 229 2720 actione
251 2667 410 2719 convenitur
424 2665 479 2719 sive
500 2662 636 2737 personali
659 2679 709 2718 suo
732 2663 855 2732 nominc,
878 2662 977 2717 nullam
999 2665 1079 2718 satis-

125 2748 258 2804 dationem
280 2757 393 2821 propter
413 2747 469 2803 litis
491 2739 723 2804 aestimationem⁷
745 2746 807 2802 dare
829 2745 1007 2819 compellitur,
1030 2747 1078 2802 sad

126 2877 325 2886 -—--...——-—

194 2959 214 3024 ¹)
229 2977 272 3024 pr.
292 2963 315 3021 §.
333 2962 461 3014 1=eat
479 2962 503 3020 t,
516 2961 556 3009 89.
575 2962 616 3010 90.
635 2959 675 3009 96.
693 2960 847 3012 98...102
864 2966 922 3009 aaut.
991 2956 1012 3020 ²)
1030 2961 1079 3008 ali-

125 3031 168 3093 qui
189 3030 262 3079 codd.
285 3029 362 3090 inser.
389 3028 498 3092 l'bcopb.
521 3027 676 3091 appellatur
704 3027 778 3077 codd.
804 3032 852 3076 cet.
876 3027 934 3075 edd.
957 3025 1031 3075 Scbr.
1054 3034 1081 3076 et

125 3096 176 3147 Kr.
261 3094 281 3157 ³)
299 3097 368 3144 molti
384 3097 458 3148 codd.
481 3094 558 3157 infer.
580 3094 690 3157 Tbeopli.
714 3091 862 3157 stipulatur
878 3093 951 3144 codd.
970 3100 1019 3146 oct.
1038 3095 1079 3142 ed.

125 3163 176 3216 Kr.
260 3159 282 3224 ⁴)
298 3179 339 3224 pr.
358 3163 415 3211 binc
432 3170 458 3211 et
474 3163 497 3221 5.
518 3163 530 3209 1
549 3181 582 3202 ==
602 3161 657 3214 Gai.
675 3163 703 3216 4,
727 3163 769 3210 90.
786 3162 827 3212 96,
846 3161 1002 3210 98...102
1018 3168 1077 3210 mut.

127 3227 147 3294 5)
165 3231 233 3278 multi
250 3231 323 3278 codd.
342 3225 418 3290 inser.
437 3218 596 3293 ὑπεδέχετο
617 3227 726 3290 Tbeopb.
745 3227 908 3276 interveniat:
922 3227 978 3278 Gai.
994 3227 1078 3276 inter·

126 3296 231 3345 venerit
248 3297 321 3346 codd.
339 3283 388 3346 oet!
405 3298 444 3350 cd.
463 3296 513 3346 Kr.
592 3293 612 3356 ὓ)
634 3295 745 3357 Tbcoplr.
764 3293 909 3345 satisdaret
926 3295 1000 3344 codd.
1018 3295 1078 3344 cdd.

126 3361 245 3479 Ὁάείἓῗ
265 3363 375 3426 Tbeopb.
398 3365 438 3416 ed.
461 3364 511 3412 Kr.
533 3376 581 3427 pro
603 3361 661 3412 litis
684 3363 876 3412 aestimatione
900 3363 980 3411 ceteri
1002 3363 1077 3414 codd.

126 3445 140 3478 e
161 3467 165 3478 .
206 3445 219 3478 c
236 3445 258 3478 r.
