2492 3896
140 147 201 212 120
317 164 352 198 nn
369 162 497 198 nonoretur
513 159 730 197 rossnssroumus
747 145 797 207 111,
816 147 831 195 9
849 142 912 207 (10).

139 311 246 358 mento:
266 303 313 358 sed
329 303 408 358 etiam
424 299 636 374 quibuscumque
655 299 740 356 verbis
762 299 814 356 hoc
829 299 945 373 patronis
960 298 1094 372 permitti·

140 391 189 442 tur‘
200 386 288 443 iacere
303 402 335 441 er
355 387 415 458 ipso
437 385 690 456 senatusconsulto,
712 384 784 457 quod
799 381 948 438 Claudianis
962 383 1093 456 tempori·

139 469 190 526 hus
205 469 304 526 iactum
321 477 362 524 est
377 468 461 525 Suilio
476 467 546 524 Rufo
562 476 589 524 ot
605 467 713 524 Ostorio
729 466 840 541 Scapula
854 465 1020 523 consulibus.

531 679 587 720 rto.
600 680 635 719 1x
657 679 693 720 x.

330 765 380 815 DE
398 763 575 816 BONORUM
591 679 898 815 POgSJESSIONIBUS.

90 901 126 940 er.
202 885 245 942 ius
260 885 392 942 bonorum
403 885 582 960 possessionis
593 885 775 941 introductum
788 894 830 941 est
840 902 854 940 a
866 889 990 958 praetore
1001 899 1093 940 emen-

140 969 220 1026 dandi
235 971 333 1026 veteris
348 971 412 1025 iuris
427 971 522 1042 gratia.
559 985 609 1026 nec
623 969 711 1025 solum
730 970 757 1024 in
776 970 965 1024 intestatorum
988 967 1093 1024 heredi·

140 1053 239 1110 tatibus
262 1062 337 1109 vetus
363 1055 404 1108 ius
427 1069 458 1108 eo
481 1052 561 1107 modo
588 1059 696 1126 praetor
722 1051 891 1120 emendavit,
918 1054 990 1108 sicut
1011 1068 1095 1124 supra

140 1136 240 1194 dictum
256 1145 312 1207 est,
327 1136 374 1191 sed
389 1138 417 1191 in
432 1152 526 1191 eorum
541 1152 664 1208 quoque,
681 1137 744 1209 qui,
759 1144 921 1192 testamento
937 1137 1022 1206 iacto,
1047 1135 1097 1191 de*

141 1221 282 1277 cesserint.
324 1236 385 1274 uam
406 1220 429 1274 si
450 1218 552 1275 alienus
574 1228 715 1293 postumus
738 1221 815 1275 heres
838 1219 919 1276 iuerit
940 1221 1093 1290 institutus,

143 1305 262 1377 quamvis
276 1302 452 1358 hereditatem
467 1303 526 1359 iure
540 1303 610 1359 civili
625 1304 696 1360 adire
711 1320 766 1359 non
777 1312 893 1376 poterat,
908 1320 970 1360 curn
985 1305 1095 1359 institu-

142 1389 181 1445 tio
196 1403 249 1441 non
265 1385 382 1458 valebat,
396 1388 542 1443 honorario
558 1395 645 1444 tamen
660 1390 717 1443 iure
732 1387 863 1443 bonorum
877 1403 1020 1460 possessor
1034 1385 1097 1442 eiii·

142 1471 275 1540 ciobatur,
303 1470 424 1527 videlicet
446 1487 506 1528 cum
528 1487 542 1526 a
565 1480 687 1545 praetore
709 1470 895 1527 adiuvabatur:
923 1471 970 1526 sed
993 1471 1037 1526 hic
1058 1465 1096 1526 οἳ

142 1563 236 1610 nostra
257 1549 470 1610 constitutione²
491 1555 572 1610 hodie
593 1563 667 1611 recte
689 1554 766 1610 ireres
779 1556 942 1624 instituitur,
966 1555 1043 1625 quasi
1066 1561 1098 1610 et

111 1643 124 1690 1
142 1641 201 1694 iure
216 1638 285 1694 civili
300 1655 354 1694 non
368 1640 532 1711 incognitus.
569 1638 716 1712 Aliquando
731 1646 819 1694 tamen
834 1654 920 1710 neque
936 1637 1098 1694 emendandi

142 1737 230 1793 neque
245 1721 417 1795 impugnandi
432 1723 529 1777 veteris
550 1723 631 1794 iuris,
654 1721 700 1777 sed
721 1724 804 1795 magis
819 1720 992 1778 confirmandi
1007 1723 1098 1795 gratia

141 1804 287 1878 pollicetur
299 1803 430 1875 bonorum
442 1806 648 1878 possessionem.
678 1821 738 1860 nam
752 1806 805 1861 illis
821 1821 942 1878 quoque,
959 1806 1004 1878 qui
1019 1815 1098 1863 recte

142 1888 213 1944 iacto
233 1894 393 1942 testamento
413 1888 525 1944 heredes
540 1889 656 1945 instituti
670 1896 749 1961 sunt,
770 1888 815 1945 dat
829 1889 974 1946 secundum
990 1887 1098 1946 tabulas

143 1970 276 2032 honorum
290 1973 505 2044 possessionem:
526 1973 591 2027 item
606 1971 638 2027 ah
653 1973 780 2028 intestato
795 1989 859 2028 suos
874 1972 987 2028 heredes
1002 1982 1030 2029 et
1045 1973 1100 2029 ad·-

143 2064 241 2130 gnatos
257 2055 289 2110 ad
304 2055 435 2110 honorum
446 2057 644 2127 possessionem
655 2064 746 2114 vocat:
762 2056 808 2112 sed
824 2064 852 2112 et
865 2065 968 2112 remota
983 2073 1098 2130 quoque

143 2140 274 2196 honorum
297 2141 484 2212 possessione,
512 2140 544 2196 ad
566 2156 613 2195 eos
635 2140 769 2196 hereditas
795 2141 912 2213 pertinet
933 2141 991 2196 iure
1013 2142 1096 2200 civili.

105 2225 123 2272 2
145 2215 238 2290 ³0uos
253 2228 340 2277 autem
358 2231 465 2294 praetor
478 2224 552 2279 solus
568 2232 642 2279 vocat
656 2223 688 2278 ad
703 2223 892 2294 hereditatem,
907 2224 1019 2279 heredes
1035 2227 1097 2298 qui·

143 2305 203 2360 dem
218 2308 276 2378 ipso
292 2307 349 2360 iure
364 2323 419 2361 non
436 2305 503 2362 fiunt
523 2301 593 2382 (nam
608 2316 716 2380 praetor
730 2306 856 2362 heredem
872 2307 959 2363 iacere
975 2324 1029 2363 uon
1045 2326 1097 2383 po·

145 2397 211 2444 test:
233 2406 281 2462 per
297 2389 384 2461 legem
400 2391 469 2445 enim
484 2399 588 2446 tantum
603 2392 643 2446 val
664 2391 778 2446 similam
792 2392 859 2446 iuris
874 2392 1097 2448 constitutionem

143 2470 255 2526 heredes
276 2469 358 2540 fiunt,
381 2471 463 2528 veluti
483 2491 531 2546 per
549 2474 812 2539 senatusconsultum
833 2482 861 2530 et
885 2476 1097 2533 constitutiones

142 2549 330 2629 principales):
353 2555 400 2610 sed
421 2571 480 2611 oum
502 2558 540 2612 eis
555 2566 664 2630 praetor
679 2557 723 2612 dat
736 2557 869 2614 honorum
884 2560 1097 2633 possessionem,

143 2638 203 2694 loco
218 2637 346 2693 heredum
362 2641 564 2696 constituuntur
579 2651 606 2697 et
621 2649 748 2696 vocantur
763 2641 894 2697 bonorum
910 2658 1096 2714 possessores.

142 2721 228 2778 adhuc
243 2731 332 2778 autem
353 2730 380 2777 et
401 2722 467 2778 aiios
483 2725 635 2796 complures
650 2724 749 2798 gradus
764 2733 873 2798 praetor
889 2725 953 2781 iecit
967 2728 994 2781 in
1009 2725 1097 2784 bono·

142 2823 201 2862 rum
216 2806 432 2879 possessionibus
449 2807 557 2878 dandis,
579 2808 641 2862 dum
656 2809 683 2863 id
704 2808 813 2882 agebat,
836 2825 869 2864 ne
885 2811 943 2882 quis
959 2811 1017 2866 sinc
1032 2827 1097 2868 suc·

142 2905 250 2946 cessure
271 2891 414 2946 moriatur:
437 2908 497 2947 nam
518 2893 714 2964 angustissimis
737 2890 833 2948 finibus
854 2893 1031 2949 constitutum
1047 2911 1098 2968 per

141 2972 229 3048 legem
256 2973 396 3030 duodecim
424 2974 572 3046 tabularum
600 2977 642 3030 ius
663 2976 893 3050 percipiendarum
915 2977 1098 3035 hereditatum

208 3203 229 3269 ¹)
248 3203 295 3254 sed
312 3201 355 3253 hic
369 3219 383 3266 a
400 3206 502 3286 scripsi.
520 3193 594 3254 itti
607 3199 639 3254 δὲ
653 3199 785 3268 διάταξις
798 3205 849 3257 τοῦ
862 3198 1000 3285 ἡμετέρου
1013 3205 1095 3271 βασι·

143 3266 211 3330 λέως
224 3266 274 3321 τὸν
287 3269 417 3322 τοιοῦτον
429 3268 591 3337 πόστουμον
605 3264 698 3336 ὀρθῶς
709 3271 840 3337 βούλεται
853 3268 1019 3337 γράφεσθαι
1030 3275 1097 3338 κλη-

143 3333 265 3403 ρονόμον
286 3338 397 3418 Thewh
415 3339 462 3388 sed
479 3343 506 3387 et
524 3355 540 3388 a
558 3341 631 3392 codd
650 3348 696 3390 oet.
715 3342 772 3392 edd.
785 3340 858 3390 Schr.
870 3341 957 3390 etKr.
1027 3339 1096 3404 ²)L.

142 3422 183 3458 oo
201 3405 229 3454 0.
249 3406 308 3456 de
298 3421 346 3459 too
363 3421 432 3468 pers.
452 3404 486 3468 (6,
504 3405 557 3469 48).
625 3403 698 3469 8)---
717 3407 773 3458 dat.
792 3409 815 3465 3,
834 3409 874 3461 32
892 3411 925 3458 33
942 3414 1000 3456 mot.
