2492 3896
271 234 369 278 oureus
385 234 468 271 tronis
486 233 661 270 rrsrnnrrra
677 233 865 272 remaneres
884 220 919 282 ΙΙ,
939 223 977 271 li.
1063 219 1103 283 75

145 376 189 432 vel
205 375 333 431 heredum
349 376 536 432 institutorum
550 373 592 431 vel
608 374 847 447 exheredatorum,
868 375 959 432 eadem
975 377 1054 431 etiam
1069 374 1102 431 de

144 460 280 534 postumis
295 458 486 533 intellegimus.
516 457 618 514 Liberis
634 466 722 514 autem
737 460 793 514 suls
809 465 999 516 testamentum
1014 459 1102 515 iacere
1119 473 1135 521 a

144 559 226 600 nemo
249 550 350 615 potest,
372 544 425 598 nisi
446 549 474 598 et
495 542 545 599 sibi
567 541 658 598 faeiat:
681 558 741 597 nam
757 542 889 616 pupillare
910 551 1101 599 testamentum

144 643 210 702 pars
225 634 254 682 et
269 626 378 699 sequela
393 634 435 682 est
450 627 553 701 paterni
569 627 732 696 testamenti,
747 626 813 682 adeo
829 635 868 698 ut,
884 628 907 682 si
922 629 1005 700 patris
1021 633 1102 682 testa·

144 718 269 767 mentum
290 726 346 766 non
368 709 466 781 valeat,
496 725 531 765 ne
551 708 598 764 lilii
619 709 726 783 quidem
748 708 854 768 valebit.
899 703 965 766 ¹Vel
987 710 1135 784 singullse

144 803 236 850 autem
260 793 349 850 liberis
377 791 420 849 vel
447 794 493 866 qni
521 809 612 850 eorum
635 793 795 849 novissimus
816 792 936 868 impubes
958 795 1102 864 morietur,

144 877 277 935 substitui
292 885 393 950 potest.
420 876 534 950 singulis
550 876 666 949 quidem,
682 877 705 932 si
719 877 850 932 neminem
866 893 959 932 eorum
973 877 1101 933 intestato

145 961 279 1018 decedere
301 960 399 1016 voluit:
421 961 583 1030 novissimo,
605 961 629 1016 sl
650 962 691 1015 ius
713 959 891 1033 legitimarum
913 959 1100 1016 hereditatium

144 1047 286 1118 integrum
302 1044 372 1100 inter
392 1060 439 1100 eos
460 1043 588 1100 custodiri
603 1043 674 1101 velit.
712 1042 891 1099 Substituitur
904 1050 992 1099 autem
1015 1044 1099 1117 impu·
1119 1059 1135 1106 r

145 1129 206 1186 beri
218 1136 267 1184 aut
282 1129 453 1200 nominatim,
473 1127 556 1184 veluti
571 1142 691 1199 ulmus,
711 1135 757 1184 ant
779 1126 940 1202 generaliter
955 1140 1102 1192 oursoms

144 1229 219 1270 nnn
234 1226 336 1268 nenas
356 1228 443 1268 nuru:
467 1211 564 1284 quibus
586 1210 673 1266 verbis
695 1220 824 1267 vocantur
844 1227 876 1267 ex
897 1211 1102 1280 substitutione,

145 1296 290 1370 impubere
299 1293 355 1351 lilio
368 1303 486 1365 mortuo,
501 1297 548 1369 qui
559 1302 587 1350 et
598 1295 690 1368 scripti
706 1304 769 1350 sunt
781 1294 893 1351 heredes
905 1304 933 1352 et
943 1296 1102 1364 extiterunt,

145 1388 178 1438 et
191 1396 245 1453 pro
261 1395 313 1451 qua
328 1387 403 1452 parte
418 1378 531 1435 heredes
552 1378 615 1434 iaoti
637 1385 709 1437 sunt.
739 1377 855 1434 llaseulo
870 1380 954 1452 igitur
968 1394 1055 1450 usque
1070 1377 1102 1432 ad
1119 1392 1135 1441 8

145 1462 365 1538 quattuordecim
385 1478 469 1517 annos
484 1461 610 1517 substitui
625 1468 731 1534 potest,
749 1461 865 1517 laminae
888 1460 1021 1533 usquead
1037 1461 1104 1516 duo·

145 1548 236 1604 decim
249 1563 347 1602 annos:
364 1554 392 1602 et
403 1547 426 1601 si
437 1546 489 1601 boe
500 1554 606 1618 tempus
617 1546 773 1616 excesserit,
787 1544 945 1600 substitutio
961 1545 1102 1601 evanescit.

139 1624 304 1686 '²Extraneo
320 1645 384 1685 vero
400 1628 441 1685 vel
456 1627 512 1684 tilio
527 1627 621 1701 puberi
637 1627 729 1684 heredi
744 1630 868 1684 instituto
888 1629 925 1684 ita
939 1626 1104 1683 substituere
1121 1642 1137 1690 9

144 1731 230 1771 nemo
245 1721 346 1788 potest,
363 1721 406 1784 ut,
421 1714 445 1768 si
460 1713 540 1769 heres
555 1714 674 1768 extiterit
688 1719 715 1768 et
729 1713 798 1768 intra
813 1711 921 1784 aliquod
937 1719 1042 1786 tempus
1057 1710 1104 1767 de·

140 1799 279 1870 *cesserit,
300 1797 367 1853 alius
383 1798 407 1853 ei
422 1797 458 1852 sit
471 1796 564 1852 heres:
586 1795 633 1852 sed
653 1797 705 1853 boo
719 1795 806 1852 solum
821 1797 980 1870 permissum
995 1803 1052 1865 est,
1072 1803 1104 1852 ut

145 1898 212 1940 eum
228 1897 278 1954 per
291 1878 525 1938 fideicommissum
540 1887 654 1935 testator
669 1878 780 1953 obliget,
796 1879 839 1935 alli
854 1879 1031 1936 hereditatem
1045 1881 1104 1935 eius

143 1965 194 2022 vel
209 1972 292 2021 totam
305 1963 349 2020 vel
362 1980 413 2038 pro
427 1970 503 2036 parte
514 1963 672 2020 restituere:
689 1963 761 2037 quod
771 1965 813 2019 ius
825 1964 903 2037 quale
917 1964 964 2034 sit,
979 1979 1030 2019 suo
1042 1963 1105 2020 loeo

144 2048 298 2108 trademus.

553 2225 610 2264 utu.
624 2224 700 2264 xvn.

228 2324 362 2390 QUIBUS
379 2325 493 2378 MODIS
512 2319 754 2376 TESTAMENTA
771 2323 1030 2376 INFIRMANTUR.

217 2466 416 2522 Testamentum
432 2465 491 2521 lure
508 2463 607 2521 laetum
624 2479 710 2536 usque
728 2479 759 2518 eo
771 2462 851 2534 valet,
867 2462 952 2520 donee
965 2472 1106 2537 rumpatur
1118 2475 1154 2514 Pr.

146 2550 291 2608 irritumve
312 2546 366 2605 liat.
396 2548 539 2621 liumpitur
559 2554 646 2603 autem
667 2553 871 2612 testamentum,
893 2564 953 2604 eum
968 2549 994 2604 in
1011 2547 1104 2604 eodem
1124 2554 1137 2600 1

148 2640 227 2691 statu
240 2640 364 2688 manente
375 2638 505 2687 testatore
515 2631 600 2704 ipsius
617 2633 770 2686 testamenti
786 2632 828 2686 ius
839 2631 958 2688 vitiatur.
988 2624 1030 2686 8si
1045 2633 1105 2704 quis

149 2719 224 2775 enim
239 2724 302 2790 post
323 2714 420 2770 laetum
436 2722 625 2770 testamentum
639 2714 805 2788 adoptaverit
827 2715 877 2772 sihi
897 2713 980 2770 lilium
994 2730 1044 2787 per
1055 2714 1106 2768 im·

149 2808 308 2876 peratorem
328 2814 405 2868 eum,
427 2799 472 2871 qul
493 2799 535 2854 sul
555 2799 621 2854 iuris
639 2806 694 2870 est,
717 2806 764 2854 aut
777 2813 827 2871 per
842 2806 992 2871 praetorem
1008 2811 1106 2852 seeun-

149 2885 217 2941 dum
238 2891 357 2938 nostram
379 2883 600 2939 constitutionem
620 2897 697 2953 eum,
719 2881 810 2953 quiin
831 2887 967 2953 potestate
987 2881 1106 2952 parentis

150 2966 247 3039 fuerit,
257 2973 447 3022 testamentum
456 2965 513 3021 eius
526 2966 659 3038 rumpitur
670 2965 745 3039 quasi
758 2962 920 3037 adgnatione
936 2963 977 3017 sui
991 2961 1105 3021 heredis.

149 3051 307 3108 Posteriora
319 3065 428 3123 quoque
444 3056 616 3119 testamento,
628 3051 700 3122 quod
720 3048 778 3103 iure
789 3045 937 3120 perfeetum
953 3053 1009 3115 est,
1026 3061 1105 3118 supe·
1122 3051 1138 3100 2

150 3137 210 3191 rius
232 3134 374 3205 rumpitur.
404 3148 454 3190 neo
466 3133 594 3202 interest,
613 3149 646 3187 an
662 3131 782 3188 extiterit
797 3130 893 3202 aliquis
915 3129 993 3185 heres
1013 3145 1045 3185 ex
1060 3145 1104 3202 eo,

152 3235 186 3274 an
206 3234 262 3275 non
283 3218 414 3273 extiteritr
437 3217 489 3272 hoo
509 3217 578 3272 enim
598 3214 686 3272 solum
704 3221 854 3289 spectatur,
876 3230 909 3269 an
930 3213 1020 3285 aliquo
1041 3229 1105 3269 casu

224 3411 245 3480 ²)
262 3433 296 3455 ε-
307 3413 340 3463 L.
357 3416 398 3466 tt.
416 3414 448 3463 D.
468 3414 499 3463 de
515 3415 578 3476 aula.
598 3419 624 3462 et
639 3426 699 3475 pup.
718 3409 771 3474 (28,
783 3410 811 3474 6)
828 3397 863 3462 ere
880 3410 1022 3461 Florentint'
1038 3413 1055 3466 l.
1074 3413 1106 3461 10

146 3483 233 3534 ¹r'nstt't.
283 3477 555 3546 ²)sere=0ai.184.
608 3477 629 3540 8)
642 3477 681 3539 ἐξ.
696 3479 718 3527 l.
731 3479 755 3526 2.
766 3498 800 3520 ι-
814 3478 868 3528 Gai.
881 3480 905 3528 2.
919 3479 974 3529 138.
988 3479 1036 3527 144
1047 3483 1106 3528 mut.
