2500 3890
475 197 510 232 na
530 197 652 232 11111111
671 183 718 246 IV,
736 185 760 234 4.

561 381 618 422 111.
631 383 673 422 nv.

503 467 552 516 ΒΕ
570 467 732 523 INIURIIS.

204 580 213 620 ¹
226 586 395 645 Generaliter
408 589 504 644 iniuria
518 587 616 644 dicitur
631 605 727 660 omne,
743 589 816 662 quod
831 595 886 645 noir
901 591 960 646 iure
975 587 1020 647 fit:
1036 603 1146 663 spe-1³1.

141 669 243 728 cialiter
258 671 323 726 11111
338 672 518 744 contumelia,
534 689 603 745 quae
618 689 632 728 a
649 674 844 729 contemnendo
860 674 929 729 dicta
945 682 1003 738 est,
1019 689 1097 746 quam

140 753 234 810 Graeci
255 747 347 830 ὕβριν
370 755 522 830 appellant,
549 756 613 811 alias
636 755 731 829 eulpa,
753 773 832 828 quam
855 755 947 812 Graeci
969 749 1098 829 ἀδίκημα

139 837 247 910 dicunt,
270 841 383 895 sioutin
398 840 459 913 lege
475 839 578 912 Aquilia
602 839 725 894 damnum
749 841 844 895 iniuria
867 842 1011 912 accipitur,
1033 841 1098 896 alios

140 923 269 996 iniquitas
284 931 313 978 11
327 923 469 994 1111111111,
485 939 564 994 qoam
577 923 669 978 Graeci
684 913 803 980 ἀδικίαν
818 932 922 979 vocant.
953 939 1012 980 cum
1028 926 1097 980 enim

139 1016 251 1079 praetor
272 1006 314 1062 vel
333 1007 414 1063 iudea
435 1023 490 1062 non
510 1009 568 1062 iure
583 1015 676 1062 contra
691 1023 768 1078 quem
784 1009 956 1080 pronuntiat,
975 1009 1096 1062 iniuriam

140 1091 277 1164 accepisse
293 1090 398 1146 dicitur.
420 1083 538 1152 ²lniuria
553 1099 642 1146 autem
656 1091 833 1146 committitur
848 1108 902 1146 11111
917 1090 1020 1160 solum,
1037 1106 1097 1146 cum
1116 1105 1128 1151 1

139 1175 199 1247 quis
216 1190 311 1248 pugno
326 1183 389 1247 puta
407 1181 453 1230 aut
468 1173 586 1230 fustibus
601 1191 694 1230 caesus
714 1175 755 1230 vel
771 1175 850 1230 etiam
867 1175 1019 1230 verberatus
1034 1176 1097 1245 erit,

138 1257 278 1314 sedetiam
293 1259 315 1312 si
333 1259 375 1314 cui
393 1259 542 1314 convicium
556 1258 656 1314 11111111
673 1259 764 1327 luerit,
779 1259 835 1314 sive
847 1260 923 1314 cuius
935 1259 1005 1314 bona
1021 1260 1097 1331 quasi

139 1340 272 1398 debitoris
285 1341 523 1415 possessafuerint
537 1341 624 1412 abeo,
641 1341 686 1413 qui
703 1342 878 1414 intellegebat
888 1342 953 1398 nibil
969 1358 1029 1397 eum
1046 1341 1095 1397 sibi

137 1425 253 1495 debere,
274 1426 315 1481 vel
338 1427 436 1499 siquis
457 1424 490 1480 ad
506 1424 640 1480 inlamiam
661 1424 772 1481 alicuius
792 1425 911 1480 libellum
928 1435 974 1481 aut
988 1442 1094 1481 carmen

136 1510 287 1583 scripserit,
303 1511 497 1582 composuerit,
513 1508 628 1564 ediderit
642 1507 738 1564 ‹lolove
754 1509 824 1564 malo
840 1509 944 1578 lecerit,
960 1525 1013 1581 quo
1030 1508 1093 1581 quid

136 1609 233 1648 eorum
248 1590 342 1663 lieret,
357 1595 413 1648 sive
429 1594 489 1666 quis
505 1591 730 1647 matremfamilias
746 1601 792 1648 aut
806 1601 1002 1665 praetextatum
1018 1608 1094 1665 prae-

137 1684 299 1733 textatamve
315 1677 465 1733 adsectatus
481 1675 572 1745 luerit,
587 1677 643 1730 sive
658 1677 736 1732 cuius
749 1675 875 1749 pudicltia
890 1684 1019 1731 1111111111
1034 1692 1094 1733 1111

136 1761 255 1816 dicetur:
271 1769 299 1816 et
313 1761 428 1834 denique
443 1759 500 1815 aliis
515 1758 638 1833 pluribus
652 1759 737 1816 modis
753 1761 857 1816 admitti
871 1761 994 1816 iniuriam
1012 1761 1093 1816 mani·

135 1843 237 1900 festum
252 1852 304 1902 est.
333 1844 437 1900 Patitur
453 1852 541 1898 autem
556 1845 615 1916 quis
635 1845 757 1900 iniuriam
773 1861 827 1900 non
842 1844 929 1900 solum
945 1861 994 1918 per
1008 1854 1093 1901 semet
1111 1856 1125 1902 2

135 1929 240 2001 ipsum,
261 1928 309 1983 sed
331 1929 408 1984 etiam
431 1944 479 2000 per
496 1927 596 1984 liberos
617 1945 696 1998 suos,
718 1944 787 1999 quos
807 1930 833 1983 in
848 1936 983 2001 potestate
998 1929 1092 1984 habet:

135 2013 200 2066 item
221 2028 270 2086 per
291 2028 402 2067 uxorem
423 2027 514 2081 suam,
536 2011 562 2066 id
578 2013 647 2066 enim
663 2014 747 2084 magis
763 2012 919 2083 praevaluit.
962 2013 1054 2082 itaque
1069 2012 1092 2066 si

137 2094 207 2150 tiliae
222 2096 344 2165 alicuius,
358 2111 425 2168 quae
437 2095 507 2149 'litio
519 2101 603 2168 nupta
614 2102 665 2166 est,
681 2096 802 2150 iniuriam
818 2095 923 2164 leceris,
938 2111 992 2149 non
1006 2095 1092 2149 solum

136 2179 205 2235 filiae
227 2181 334 2235 nomine
359 2187 448 2235 tecum
468 2180 625 2234 iniuriarum
645 2179 689 2252 agi
711 2185 817 2253 potest,
840 2177 888 2232 sed
908 2177 987 2234 etiam
1009 2179 1092 2250 patris

135 2279 246 2336 quoque
262 2273 289 2319 et
305 2264 390 2318 mariti
413 2263 531 2325 nomine,
567 2270 661 2318 contra
676 2270 779 2330 autem,
801 2263 823 2316 si
838 2261 896 2317 viro
911 2261 1006 2319 iniuria
1022 2261 1091 2318 iacta

136 2349 188 2417 sit,
211 2362 279 2403 uror
293 2348 449 2402 iniuriarum
465 2362 546 2418 agere
562 2361 615 2400 non
631 2354 734 2419 potest:
756 2345 862 2402 delendi
878 2347 947 2402 enim
963 2362 1062 2401 utores
1077 2363 1091 2401 1

135 2433 215 2500 viris,
237 2447 293 2486 non
313 2431 386 2485 viros
406 2429 581 2485 eburonibus
602 2446 716 2502 aequum
731 2439 782 2485 est.
810 2431 856 2486 sed
873 2439 900 2486 et
915 2446 992 2486 socer
1007 2447 1091 2486 nurus

136 2517 260 2586 nomine,
282 2515 359 2571 cuius
381 2515 419 2568 vir
439 2516 466 2568 in
488 2522 622 2586 potestate
641 2522 698 2584 est,
717 2515 872 2570 iniuriarum
894 2530 974 2588 agere
989 2522 1090 2588 potest.

136 2598 226 2655 Servis
242 2605 332 2654 autem
354 2600 420 2670 ipsis
441 2598 548 2670 quidem
564 2597 634 2653 nulla
656 2599 751 2653 iniuria
766 2598 824 2654 fieri
838 2599 1021 2670 intellegitur,
1043 2597 1090 2652 sed
1108 2609 1124 2657 3

136 2682 246 2738 domino
262 2698 311 2755 per
326 2697 373 2737 eos
388 2680 447 2736 fieri
463 2681 581 2736 videtur:
597 2698 652 2737 non
668 2690 755 2738 tamen
770 2682 862 2737 iisdem
878 2681 978 2751 modis,
994 2681 1091 2752 quibus

136 2767 215 2823 etiam
231 2781 281 2838 per
295 2764 395 2820 liberos
407 2772 435 2820 et
450 2781 559 2834 uxores,
574 2764 621 2821 sed
633 2767 668 2821 ita
681 2782 740 2822 cum
756 2766 820 2838 quid
835 2766 953 2820 atrocius
968 2766 1090 2819 commis-

135 2867 195 2906 sum
216 2848 300 2904 luerit
320 2856 347 2903 et
368 2849 441 2922 quod
462 2858 553 2922 aperte
578 2849 610 2904 ad
636 2849 822 2904 contumeliam
844 2847 944 2902 domini
965 2849 1090 2920 respicit:

136 2933 218 2990 veluti
241 2935 262 2988 si
284 2934 343 3005 quis
365 2932 480 2988 alienum
495 2948 601 2988 servum
616 2933 809 3001 verberaverit,
830 2939 857 2986 et
872 2933 899 2985 in
914 2931 985 2986 hunc
1000 2948 1089 2986 casum

137 3020 208 3074 actio
223 3018 395 3089 proponitur.
418 3024 445 3071 11
460 3017 483 3071 si
499 3017 559 3089 quis
575 3033 653 3072 servo
669 3017 816 3072 convicium
832 3014 926 3070 iecerit
942 3014 981 3070 vel
996 3031 1088 3088 pugno

136 3117 198 3157 cum
210 3102 383 3174 percusserit,
399 3099 471 3155 nulla
487 3101 513 3156 in
530 3116 590 3156 eum
606 3102 675 3156 actio
687 3099 796 3155 domino
812 3100 949 3171 competit.
978 3097 1007 3154 Si
1017 3115 1088 3155 com·
1106 3109 1123 3157 4

137 3265 338 3274 ..—.-.-.-———

205 3380 225 3442 ¹)
243 3379 301 3445 fere
318 3403 351 3423 ==
370 3381 500 3442 0111112,
518 3382 542 3442 5,
562 3383 575 3429 1
594 3397 629 3430 ex
646 3381 718 3433 Paul.
736 3382 753 3429 1.
774 3384 921 3444 ...repul.‚
939 3389 966 3429 ut
982 3381 1089 3443 videtur,

136 3451 180 3500 aab
198 3452 236 3503 ta't.
255 3451 380 3500 deinter.
448 3445 469 3513 ²)
488 3449 528 3510 ἐξ.
548 3448 726 3510 1...3fere
738 3468 771 3488 =
784 3448 839 3497 Gai,
858 3453 888 3510 3,
906 3449 955 3497 220
969 3485 975 3498 .
990 3485 996 3498 .
1011 3487 1018 3501 .
1031 3451 1088 3499 222.
