2492 3896
153 189 195 253 62
365 204 400 238 aa
418 202 598 239 nmmum
617 199 787 238 onnrannnre
804 183 840 250 11,
861 189 901 238 10.

154 353 305 421 emptorem
326 352 354 401 et
374 361 437 415 eos,
461 345 506 417 qui
526 359 574 417 per
594 350 755 416 potestatem
785 343 808 398 el
831 342 974 399 coadunati
993 343 1133 418 inerant,

153 430 364 488 testamentariis
379 429 539 484 testimoniis
554 426 736 501 repellebant,
751 425 846 482 heredi
860 435 887 481 et
902 427 960 496 bis,
983 429 1032 500 qui
1046 445 1131 485 ccu-

153 515 239 570 iuncti
261 513 286 568 ei
308 529 356 585 per
377 520 538 586 potestatem
560 511 680 580 fuerant,
703 509 886 567 concedebant
907 512 1069 567 testinmnia
1097 514 1130 568 in

154 598 323 653 testamentis
338 602 489 669 praestare,
512 595 575 652 licet
589 595 630 662 bl,
655 593 742 667 quiid
756 593 963 666 permittebant,
984 595 1041 651 hoc
1054 598 1130 652 iure

154 682 262 736 minime
284 679 356 735 abuti
371 678 468 735 debere
483 695 530 737 eos
550 676 712 734 suadebant:
736 686 824 733 tamen
839 693 906 750 nos,
929 677 1043 734 eandem
1067 680 1129 736 ob·

153 764 332 820 servationem
346 764 513 838 corrigentes
529 771 572 835 et,
594 761 666 836 quod
682 759 713 817 ab
728 761 781 816 illis
795 777 904 818 suasum
920 771 976 832 est,
998 764 1027 818 in
1043 763 1128 837 legis

154 849 340 904 necessitatem
368 847 576 917 transferentes,
604 847 635 902 ad
663 847 838 902 imitationem
864 847 972 918 pristini
996 846 1128 904 familiae

154 933 283 1005 emptoris
305 933 401 988 merito
423 947 473 987 nec
488 930 595 1001 heredi,
617 931 687 1003 qui
679 930 822 1003 imaginem
837 931 1013 986 vetustissimi
1035 931 1127 987 iami-
1206 909 1208 1020 l

152 1015 203 1072 liae
225 1017 354 1090 emptoris
370 1016 490 1088 optinet,
512 1030 564 1070 nec
577 1014 634 1069 aliis
649 1015 787 1087 personis,
809 1029 877 1086 quae
892 1015 932 1084 ei,
956 1021 986 1068 ut
1009 1014 1123 1073 dictum

154 1107 210 1170 est,
233 1101 389 1156 coniunctae
404 1106 482 1169 sunt,
503 1098 637 1154 licentiam
653 1095 824 1154 concedimus
839 1095 889 1152 sibi
912 1097 1123 1170 quodammodo
1206 1105 1208 1178 i

154 1185 307 1239 testimonia
322 1189 473 1256 praestare:
496 1181 611 1253 ideoque
625 1197 676 1237 nec
690 1180 821 1237 eiusmodi
835 1188 954 1238 veterem
975 1184 1121 1238 constitu·
1207 1237 1208 1244 ,

105 1264 135 1312 11
155 1266 256 1322 tionem
271 1274 366 1322 nostro
387 1264 473 1321 codici
493 1267 575 1320 inseri
595 1266 772 1339 permisimus.
814 1263 962 1339 Legatariis
977 1274 1072 1322 antem
1088 1275 1122 1323 et
1207 1327 1208 1342 ,

153 1347 419 1419 fideicommissariis,
434 1350 564 1421 quianon
579 1351 643 1405 iuris
658 1365 830 1404 successores
841 1357 915 1419 sunt,
931 1356 959 1404 et
974 1349 1032 1404 aliis
1048 1368 1119 1424 per·
1207 1395 1208 1406 ,

153 1436 228 1490 sonis
250 1436 289 1490 eis
311 1434 462 1491 coniunctis
483 1434 666 1489 testimonium
688 1449 742 1488 non
765 1431 946 1506 denegamus,
975 1435 1061 1488 immo
1087 1437 1118 1490 in

154 1515 268 1592 quadam
290 1526 382 1574 nostra
404 1511 617 1573 constitutione¹
634 1525 663 1571 et
683 1516 736 1572 hoc
750 1516 900 1588 specialiter
914 1518 1118 1588 concessimus,
1207 1559 1208 1576 a

152 1611 180 1658 et
196 1603 380 1676 multomagis
395 1603 453 1673 his,
476 1602 564 1674 quiin
579 1616 672 1656 eorum
687 1607 823 1673 potestate
839 1607 918 1670 sunt,
941 1600 983 1656 rel
999 1603 1046 1674 qui
1063 1617 1116 1658 eos

152 1685 253 1741 babent
267 1687 295 1740 in
310 1693 459 1758 potestate,
474 1683 627 1739 huiusmodi
642 1683 775 1740 licentiam
789 1683 891 1739 damus.

104 1783 136 1833 12
216 1767 287 1823 Nihil
303 1777 391 1824 autem
406 1770 535 1837 interest,
557 1775 745 1823 testamentum
760 1769 788 1823 in
803 1766 902 1823 tabulis
917 1783 949 1822 aa
964 1769 991 1823 in
1008 1768 1116 1826 chartis

105 1869 136 1918 13
153 1850 345 1907 membranisre
360 1852 401 1907 vel
415 1853 442 1906 in
457 1851 507 1906 alia
521 1852 629 1906 materia
644 1850 699 1906 liat.
736 1844 807 1907 ²Scd
823 1859 851 1906 et
865 1867 948 1907 unum
964 1860 1115 1910 testamen-

153 1944 210 1992 tum
225 1934 347 2010 pluribus
362 1933 497 1993 codicibus
518 1933 649 1992 conficere
668 1936 728 2006 quis
743 1942 849 2008 potest,
871 1934 1020 1991 secundum
1036 1939 1115 2009 opti-

152 2028 261 2076 nentem
277 2027 365 2076 tamen
381 2019 594 2076 observationem
617 2018 738 2074 omnibus
757 2018 844 2074 lactis.
882 2018 955 2090 quod
970 2019 1114 2076 interdum

152 2112 181 2161 et
195 2105 375 2160 necessarium
390 2110 447 2174 est,
463 2105 486 2160 si
502 2104 561 2177 quis
576 2104 748 2176 navigaturus
764 2109 792 2157 et
805 2118 896 2158 secum
908 2102 978 2158 ierre
994 2111 1021 2158 et
1037 2103 1115 2160 domi

152 2189 305 2262 relinquere
325 2189 484 2245 iudiciorum
504 2204 615 2244 suornm
635 2186 859 2242 contestationem
879 2186 957 2256 velit,
978 2186 1020 2242 vel
1043 2205 1113 2261 pro-

152 2275 214 2345 pter
236 2273 300 2327 alias
314 2271 523 2329 innumerabiles
538 2288 647 2342 causas,
670 2286 737 2343 quae
758 2270 880 2325 humanis
900 2269 1114 2327 necessitatibus

103 2371 136 2420 14
153 2355 300 2410 imminent.
338 2355 389 2410 Sed
404 2356 470 2412 haec
485 2355 593 2429 qnidam
609 2354 642 2410 de
657 2355 842 2422 testamentis,
865 2369 931 2426 quae
952 2356 978 2409 in
999 2356 1113 2428 scriptis

153 2435 343 2495 conficiuntur.
372 2440 396 2494 si
411 2441 470 2511 quis
484 2446 573 2494 autem
587 2437 703 2493 voluerit
717 2438 775 2492 sine
788 2437 897 2509 scriptis
912 2437 1035 2494 ordinare
1048 2440 1113 2495 iure

153 2521 223 2578 civili
241 2529 445 2594 testamentum,
465 2532 567 2595 septem
589 2521 703 2578 testibus
725 2519 848 2576 adhibitis
863 2529 892 2576 et
905 2538 954 2576 sua
970 2522 1112 2578 voluntate

153 2621 244 2662 coram
260 2606 297 2661 eis
312 2614 478 2678 nuncupata,
497 2607 579 2674 sciat,
600 2605 652 2660 laoc
670 2603 895 2678 perfectissimum
918 2613 1112 2662 testamentum

150 2691 211 2746 lure
225 2689 294 2748 civili
309 2689 467 2763 firmumque
483 2690 669 2745 constitutum.

150 2856 351 2864 m

220 2969 239 3034 ¹)
259 2987 323 3037 quae
346 2978 491 3022 conectat
513 2969 633 3020 inlibris
659 2972 784 3034 repetitae
800 2971 981 3035 praelectionis
1002 2971 1108 3030 codicis,

149 3039 263 3102 fortasse
281 3040 387 3096 omissa,
412 3040 481 3102 quod
501 3039 549 3088 iam
573 3037 681 3087 Zenonis
703 3044 783 3088 coast.
803 3039 836 3087 L.
853 3039 894 3090 22.
913 3037 943 3092 O.
960 3037 991 3086 de
1009 3043 1106 3086 testam,

151 3104 189 3172 (6,
212 3102 256 3171 23)
278 3107 343 3155 idem
365 3106 521 3169 continebat,
547 3106 644 3154 scilicet
664 3106 727 3167 ipsis
750 3104 853 3154 testibus
879 3105 915 3155 ad
936 3109 1108 3154 testamentum

151 3172 284 3234 adhibitis,
307 3174 375 3237 qaod
390 3174 462 3231 uelit,
486 3142 630 3236 relinquere
646 3171 767 3222 testatori
787 3174 880 3228 licere,·
902 3172 967 3220 unde
984 3173 1105 3236 requitur,

151 3242 290 3304 leporariae
311 3247 381 3288 reate
404 3246 481 3289 tectae
503 3240 626 3290 adbiberi.
655 3255 685 3288 eo
708 3254 767 3289 aero
793 3245 923 3303 spectasse
947 3239 1021 3288 etiam
1043 3239 1106 3288 dnae

151 3306 505 3365 Iustinianiaonstitatioaem‚
521 3307 773 3369 Tbeopbilusanctor
786 3313 831 3358 est.
895 3303 1007 3368 ²)—L
1019 3307 1060 3355 nt.
1073 3305 1101 3353 D

151 3375 195 3438 qai
211 3379 310 3422 tectam
327 3375 380 3436 sac
399 3372 452 3436 (28,
471 3373 496 3438 l)
516 3390 550 3424 erc
567 3375 740 3424 Florentiaii.
760 3374 792 3422 10
808 3375 897 3436 irretit,
914 3380 972 3422 mut.
