2492 3896
180 225 216 260 on
234 226 405 274 ursorum,
422 226 493 270 nunu
512 227 547 262 sn
567 226 718 263 rurssrnro
737 227 914 263 omonimus
931 212 982 275 Ill,
997 215 1019 265 l.
1063 209 1104 272 99

146 363 299 421 Trebatium
315 367 432 422 suasisse
447 369 588 440 Augusto,
612 367 684 438 quod
697 368 814 439 diceret,
830 367 1000 423 utilissimum
1016 373 1043 421 at
1057 381 1103 420 ne·
1206 401 1207 440 ᾗ

145 451 289 505 cessarium
311 450 363 506 lroc
384 451 486 506 civibus
501 467 561 506 csso
576 459 688 524 propter
703 467 813 525 magnas
829 460 857 507 et
871 451 967 524 longas
983 452 1103 523 peregrl-
1206 443 1207 452 ’

145 534 283 604 notiones,
306 551 374 605 quae
390 534 460 608 apud
476 543 582 590 veteres
597 527 741 599 luissent,¹
763 534 824 603 ubi,
845 536 867 590 si
883 537 944 608 quis
958 541 1103 590 testamen·

145 624 199 671 tum
223 616 313 673 lacere
335 634 390 673 nou
411 627 520 690 posset,
544 626 631 674 tamen
653 617 790 674 codicillos
812 627 916 692 posset.
952 627 1015 692 post
1036 633 1103 691 quae

144 708 266 773 tempora
283 717 343 757 cum
360 710 387 757 ct
403 701 491 757 Labeo
506 701 646 758 codicillos
667 702 790 770 iecisset,
813 704 863 756 iam
880 703 979 758 nemini
994 700 1102 756 dulcium

142 792 217 853 erat,
233 785 299 856 quin
315 785 431 840 codicilli
446 787 504 840 iure
520 788 622 859 optimo
638 786 850 842 admitterentur.

204 867 264 924 lion
280 876 385 923 tautum
409 877 498 924 autem
516 879 676 925 testamento
691 869 763 924 iacto
779 876 871 940 potest
886 869 947 942 quis
962 868 1101 924 codicillos
1122 876 1133 923 1

141 950 244 1021 lacere,
269 951 317 1006 sed
337 961 364 1008 et
384 955 528 1008 intestatus
544 957 605 1026 quis
626 952 759 1009 decedens
781 951 1009 1008 liricicommittere
1031 951 1104 1007 codi-

142 1035 209 1092 cillis
226 1043 331 1108 potest.
367 1035 415 1091 sed
430 1053 490 1091 cum
506 1045 567 1092 ante
588 1043 778 1092 testamentum
793 1036 893 1092 iactum
909 1034 1026 1092 codicilli
1041 1035 1103 1090 iacti

141 1128 234 1188 erant,
259 1113 438 1192 Papinianus²
453 1123 506 1190 ait,
528 1135 583 1176 non
598 1120 677 1176 aliter
690 1122 761 1176 vires
776 1120 890 1190 habere,
908 1135 986 1192 quam
1003 1120 1025 1173 si
1040 1135 1102 1192 spe-

141 1203 199 1258 ciali
216 1211 316 1276 postea
331 1200 471 1260 voluntate
486 1203 689 1260 couiirmcntur.
719 1205 765 1261 sed
782 1204 834 1259 divi
846 1203 961 1260 Severus
977 1210 1004 1258 et
1020 1204 1102 1258 Anto·

141 1287 221 1342 ninus
237 1288 447 1358 rescripserunt,
463 1304 494 1343 er
511 1288 551 1342 his
566 1286 707 1356 codicillis,
724 1289 770 1361 qui
786 1295 975 1344 testamentum
991 1303 1101 1360 praece·

140 1369 227 1440 dunt,
243 1387 324 1443 posse
339 1368 572 1426 fideicommissum
587 1373 654 1444 peti,
669 1373 692 1426 si
707 1379 843 1445 appareat,
858 1387 930 1439 eum,
947 1371 992 1443 qui
1008 1379 1101 1443 postca

141 1462 335 1510 testamentum
358 1454 472 1520 iecerat,
496 1454 683 1516 conlucrare,
707 1471 786 1527 quam
809 1453 939 1510 codicillis
961 1469 1101 1525 expresse-

141 1547 199 1610 rat,
216 1554 272 1593 non
288 1539 444 1595 recessisse.
474 1537 608 1594 Codiciilis
624 1546 711 1594 autem
728 1537 862 1594 hereditas
879 1552 966 1609 neque
981 1536 1039 1591 dari
1054 1552 1100 1591 ue·
1118 1542 1134 1590 2

142 1639 193 1693 que
209 1621 290 1676 adimi
305 1629 412 1693 potest,
433 1639 467 1677 ne
487 1622 667 1678 confundatur
686 1623 729 1676 ius
751 1629 971 1677 testamentorum
987 1629 1015 1675 et
1029 1618 1101 1675 codi-

141 1704 312 1777 cillorum,et
326 1697 385 1760 ideo
398 1722 448 1761 nec
458 1705 629 1762 exheredatio
641 1705 730 1765 scribi.
747 1704 851 1761 directo
863 1712 954 1760 autem
964 1702 1102 1760 hereditas

141 1789 272 1845 codicillis
289 1805 375 1861 neque
390 1788 446 1843 dari
461 1806 548 1861 neque
564 1788 643 1845 adimi
658 1798 760 1862 potest:
777 1806 837 1845 narn
853 1805 902 1862 per
916 1786 1103 1844 fideicommis-

141 1889 200 1928 sum
224 1871 361 1928 hereditas
382 1872 512 1928 codicillis
533 1873 592 1928 iure
619 1873 789 1946 relinquitur.
828 1867 895 1928 ³nee
916 1871 1101 1929 condicionem

140 1956 235 2012 heredi
250 1957 376 2011 instituto
391 1956 522 2012 codicillis
534 1955 638 2012 adicere
650 1973 738 2029 neque
753 1955 920 2011 substituere
935 1956 1037 2012 directo
1053 1969 1101 2026 po·

141 2048 204 2098 test.
236 2038 377 2095 codicillos
394 2048 482 2094 autem
498 2041 577 2094 etiam
593 2039 684 2112 plures
696 2041 757 2112 quis
772 2038 861 2096 lacere
877 2045 980 2111 potest:
997 2046 1025 2094 et
1039 2037 1099 2092 nul·
1118 2044 1134 2092 3

141 2123 192 2180 ianr
207 2123 416 2179 sollemnitatem
432 2122 610 2178 ordinationis
626 2122 789 2179 desiderant.

473 2402 585 2452 LIBER
603 2401 764 2453 TERTIUS.

575 2565 633 2606 m.
646 2567 666 2607 1.

230 2670 280 2721 Di:
298 2667 605 2731 HEREDITATIBUS,
624 2669 721 2731 QUAE
740 2669 786 2721 AB
805 2669 1009 2721 INTES'PATO

488 2751 746 2804 DEFERUNTUR.

203 2874 349 2930 intestatus
365 2872 484 2943 decedit,
508 2874 553 2946 qui
575 2882 621 2928 aut
636 2876 745 2929 omuino
761 2878 950 2928 testamentum
966 2887 1019 2927 noo
1035 2869 1098 2926 lecit
1113 2883 1148 2922 Pr.

142 2967 186 3014 aut
208 2974 264 3014 non
285 2959 344 3012 lure
366 2957 430 3012 lecit
451 2965 497 3011 ant
519 2955 564 3031 id,
589 2957 660 3029 quod
683 2958 798 3024 iecerat,
827 2963 937 3029 ruptum
960 2956 1098 3010 irritumre

142 3040 241 3098 luctum
257 3050 298 3096 est
314 3051 359 3095 aut
373 3055 452 3095 nemo
468 3055 500 3096 ex
515 3057 548 3096 co
563 3041 642 3096 heres
657 3042 754 3096 extitit.

209 3268 306 3348 ¹)An
317 3285 449 3334 qneep
414 3285 449 3333 ap
451 3268 486 3318 ud
512 3273 615 3318 veteres
642 3268 753 3318 crebrae
780 3269 889 3319 esseni?
911 3285 967 3318 nom
990 3265 1097 3328 αἵτινες

142 3341 271 3402 συνεχεῖς
289 3323 364 3400 ἦσαν
381 3352 460 3399 παρα
477 3338 537 3394 τοῖς
555 3336 691 3392 παλαιοῖς
712 3334 825 3400 Theopd.
895 3334 961 3397 Μ
975 3336 1046 3391 dl)
1066 3339 1097 3387 de

142 3406 159 3453 ι’.
177 3407 285 3456 rodiciti.
304 3405 359 3466 (29,
379 3403 415 3466 7).
520 3401 617 3466 ³)fcre
634 3421 667 3444 ε
686 3403 719 3455 L.
737 3404 813 3466 dpr
834 3406 878 3466 fin.
897 3403 921 3464 ξ.
941 3405 964 3454 1.
987 3405 1020 3454 D.
1040 3407 1097 3457 eod.

142 3487 176 3522 erc
194 3473 322 3522 Marciani
339 3475 355 3522 l.
376 3474 390 3521 7
409 3472 486 3520 instit.

904 3549 943 3602 7*
