2500 3890
417 139 452 174 ne
471 138 592 182 rnncrcrs
609 109 726 176 runicus
743 125 790 188 IV,
811 127 849 176 18.
1050 123 1109 187 199

156 277 300 336 heredibus
312 278 462 335 adiudicare
474 277 554 335 debet
565 286 602 349 et,
613 279 635 334 sl
647 279 674 333 in
686 277 796 334 alterius
808 294 921 352 persona
932 294 1108 352 praegravare

157 363 278 419 videatur
292 360 467 433 adlmiratio,
489 361 569 418 dehet
588 362 661 418 hunc
675 363 787 418 invicem
802 362 925 438 coheredi
940 370 1013 418 certa
1027 378 1108 436 pecu·

158 448 215 516 nia,
236 447 306 502 sicut
321 448 371 501 iam
387 446 487 502 dictum
502 439 575 516 est‚¹
599 445 786 506 condemnare.
818 442 863 502 ‘eo
877 462 985 519 quoque
1000 447 1108 502 nomine

157 529 284 588 coheredi
303 531 418 602 quisque
438 546 488 585 suo
509 529 725 585 condemnandus
746 538 804 600 est,
826 529 898 603 quod
913 530 989 586 solus
1003 528 1107 585 lructus

157 614 309 670 hereditarii
331 612 409 668 fundi
429 614 548 686 percepit
570 621 615 668 aut
637 629 693 669 rem
713 613 900 669 hereditariam
921 613 1040 686 corrupit
1060 621 1108 668 aut

157 697 332 770 consumpsit.
377 712 444 768 quae
459 695 564 769 quidem
579 696 700 752 similiter
714 698 786 752 inter
798 696 888 770 plures
903 712 1012 768 quoque
1027 712 1107 770 quam

156 781 225 837 duos
240 779 388 836 coheredes
409 779 620 852 subsequuntur.
649 779 745 835 liudem
762 781 942 836 interveniunt
956 787 984 835 et
998 781 1020 834 si
1035 795 1107 836 com·
1125 781 1141 832 5

155 865 230 922 muni
244 863 391 920 dividundo
413 862 447 918 de
466 861 588 936 pluribus
607 863 687 920 rebus
707 873 794 921 actium
808 863 900 919 luerit.
943 863 1053 935 quodsi
1075 863 1108 919 de

156 964 208 1003 una
223 963 268 1020 re,
291 946 374 1002 veluti
394 946 427 1002 de
447 946 546 1018 londo,
568 949 590 1002 si
611 947 717 1019 quidem
732 948 784 1002 iste
797 945 896 1002 lundus
912 945 1050 1002 commode
1065 963 1121 1013 re-¹

156 1029 282 1104 gionibus
303 1030 459 1086 divisionem
480 1031 604 1103 recipiat,
628 1038 716 1104 partes
737 1032 795 1086 eius
821 1030 934 1103 singulis
960 1028 1107 1085 adiudicare

157 1113 236 1171 debet
251 1123 295 1186 et,
311 1115 332 1169 si
349 1116 428 1169 unius
443 1130 505 1186 pars
521 1130 694 1188 praegravare
708 1113 856 1186 videbitur,
871 1116 894 1168 is
909 1113 1020 1168 invicem
1035 1121 1107 1168 certa

155 1199 270 1271 pecunia
283 1197 360 1252 alteri
375 1197 593 1253 condemnandus
606 1207 661 1254 est:
682 1198 779 1270 quodsi
797 1197 936 1254 commode
957 1195 1037 1252 dividi
1052 1211 1107 1251 non

155 1283 259 1355 possit,
276 1281 316 1336 vel
332 1282 412 1337 lromo
427 1280 499 1337 iorte
514 1287 560 1337 aut
575 1281 663 1337 mulus
678 1282 745 1352 erit,
767 1281 801 1336 de
816 1297 870 1354 quo
885 1281 1040 1355 amansii,
1061 1279 1106 1334 uni

156 1373 231 1421 totus
243 1363 431 1421 adiudicandus
446 1372 488 1420 est
503 1373 530 1420 et
544 1365 567 1419 is
582 1364 657 1419 alteri
669 1373 739 1420 certa
755 1366 866 1437 pecunia
880 1363 1105 1420 condemnandus.

154 1447 185 1503 Sl
200 1446 292 1504 linium
306 1447 488 1522 regundorum
504 1455 592 1505 actum
607 1447 704 1520 inerit,
724 1447 855 1520 dispicere
869 1446 949 1503 debet
963 1446 1058 1518 iudex,
1073 1463 1106 1502 an
1124 1453 1139 1500 6

156 1533 308 1588 necessaria
322 1533 358 1586 sit
373 1531 544 1587 adiudicatio'.
581 1547 649 1603 quae
663 1547 727 1587 saue
742 1547 796 1586 uno
812 1547 875 1586 casu
889 1530 1039 1586 necessaria
1053 1538 1106 1601 est,

156 1617 179 1670 si
194 1613 403 1672 evidentioribus
419 1613 516 1670 finibus
531 1614 660 1688 distingui
676 1630 755 1688 agros
770 1613 936 1670 commodius
952 1615 1002 1684 sit,
1026 1629 1106 1684 quam

154 1699 220 1755 olim
234 1698 348 1755 luissent
369 1698 502 1765 distincti;
522 1714 582 1754 nam
605 1693 667 1754 tunc
687 1714 798 1754 necesse
812 1706 854 1753 est
868 1713 900 1753 er
915 1697 1024 1774 alterius
1039 1712 1105 1770 agro

155 1792 260 1856 partem
275 1781 388 1855 aliquam
404 1782 512 1838 alterius
528 1783 584 1854 agri
599 1782 708 1838 domino
723 1781 881 1838 adiudicari:
898 1797 951 1854 quo
966 1797 1028 1837 casu
1042 1797 1106 1838 con·

155 1868 264 1923 veniens
282 1874 340 1936 est,
355 1873 386 1920 ut
405 1867 427 1920 is
448 1864 525 1921 alteri
539 1875 612 1922 certa
627 1867 738 1939 pecunia
753 1865 847 1922 debeat
862 1865 1042 1923 condemnari.
1073 1880 1105 1920 eo

155 1965 266 2023 quoque
281 1950 387 2004 nomine
398 1949 560 2004 damnandus
572 1958 613 2005 est
628 1952 741 2023 quisque
757 1949 809 2005 hoc
822 1949 930 2018 iudicio,
947 1948 1018 2021 quod
1035 1948 1106 2003 iorte

155 2037 224 2089 circa
240 2031 307 2088 lines
322 2032 453 2088 malitiose
468 2032 567 2105 aliquid
582 2035 724 2103 commisit,
738 2031 813 2087 verbi
827 2033 913 2104 gratia
927 2032 988 2104 quia
1003 2030 1105 2103 lapides

155 2115 248 2172 finales
260 2116 364 2172 iuratus
375 2124 418 2172 est
433 2123 479 2171 aut
491 2114 600 2170 arbores
612 2113 703 2172 finales
715 2115 819 2171 cecidit.
841 2115 1023 2170 contumaciae
1038 2130 1106 2185 quo·

155 2215 263 2273 quoque
278 2200 385 2256 nomine
400 2201 513 2271 quisque
528 2215 561 2254 eo
573 2198 673 2255 iudicio
689 2198 896 2268 condemnatur,
911 2197 993 2252 veluti
1008 2199 1030 2252 si
1046 2199 1106 2270 quis

156 2284 265 2340 iubente
286 2284 373 2340 iudice
393 2284 478 2338 metiri
498 2298 578 2356 agros
599 2299 694 2356 passus
714 2299 768 2338 non
790 2281 881 2343 luerit.
925 2279 1002 2348 Quod
1017 2289 1139 2343 autema

154 2369 214 2424 istis
229 2367 333 2424 iudiciis
348 2366 425 2423 alicui
441 2366 618 2422 adiudicatum
639 2368 690 2438 sit,
710 2366 736 2421 id
758 2367 846 2422 statim
862 2366 920 2421 eius
935 2363 981 2438 fit,
1003 2365 1046 2422 cui
1062 2365 1107 2420 ad·

153 2452 296 2508 iudicatum
312 2458 361 2506 est.

549 2627 607 2668 TIT.
619 2628 709 2671 xvm.

420 2711 470 2764 Du
488 2712 656 2764 PUBLICIS
673 2712 834 2765 IUDIOIIS.

217 2834 324 2890 Publica
338 2834 433 2891 iudicia
453 2851 540 2907 neque
561 2851 610 2907 per
629 2837 746 2890 actiones
763 2834 918 2890 ordinantur
932 2848 982 2888 uec
997 2833 1105 2888 omnino
1119 2858 1153 2900 p„

153 2919 299 2991 quidquam
315 2919 401 2974 simile
421 2917 519 2974 habent
542 2920 637 2973 ceteris
651 2918 772 2988 iudiciis,
795 2917 828 2972 de
843 2915 938 2988 quibus
953 2915 1037 2971 locuti
1059 2932 1105 2970 su-

154 3019 228 3072 mus,
252 3018 400 3075 magnaque
420 3001 557 3057 diversitas
577 3010 619 3057 est
634 3017 727 3056 eorum
748 3009 775 3056 et
793 3002 821 3055 in
836 2999 1006 3055 instituendis
1028 3007 1056 3054 et
1078 3000 1105 3054 in

154 3085 319 3142 exercendis.
356 3084 462 3141 Publica
477 3093 566 3141 autem
581 3084 649 3140 dicta
664 3091 742 3156 sunt,
766 3083 837 3156 quod
859 3084 941 3140 cuivis
956 3099 987 3138 ex
1002 3081 1104 3156 populo
1124 3096 1137 3143 1

154 3171 291 3226 exsecutio
320 3185 412 3224 eorum
439 3169 596 3243 plerumque
625 3169 711 3229 datur.
755 3167 924 3225 Publicorum
947 3166 1139 3226 iudiciorum2

222 3379 242 3444 ¹)
259 3382 274 3443 ἕ
292 3383 332 3432 20.
350 3381 376 3432 1.
395 3383 426 3432 de
443 3390 492 3432 act.
511 3380 550 3446 (t,
570 3381 605 3441 6).
