2492 3896
181 242 280 286 morans
297 243 379 278 ironis
399 243 433 278 aa
452 241 643 281 coarctamur
661 244 808 281 oanrcarro
826 230 878 295 ΙΙΙ,
898 232 930 280 14
942 229 1004 294 (15).
1041 227 1100 291 127

148 400 250 439 summa
271 383 365 438 divisio
385 384 413 438 iu
434 382 488 439 duo
511 399 609 456 genera
627 382 780 440 deducitur:
807 402 922 459 namque
943 393 989 441 aut
1010 385 1100 442 civiles

148 477 212 523 sunt
226 477 272 523 aut
287 467 446 540 praetoriae.
476 467 565 522 civiles
580 475 654 538 sunt,
669 483 738 540 quae
754 477 801 524 aut
814 469 921 542 legibus
936 471 1100 526 constitutae

147 561 193 608 aut
208 560 280 606 certe
295 553 353 606 iure
367 551 438 606 civili
453 549 640 624 comprobatae
662 560 734 611 sunt.
771 555 920 626 praetoriae
935 562 1013 623 suut,
1034 569 1100 626 quas

147 643 257 709 praetor
272 651 304 690 ex
319 649 367 690 sua
381 633 566 690 iurisdictione
587 635 745 704 constituit,
765 652 833 708 quae
849 639 927 692 etiam
941 637 1100 694 honorariae

146 727 287 775 vocantur.
317 718 438 790 Sequens
459 718 552 773 divisio
567 718 594 773 in
610 726 738 789 quattuor
757 721 860 792 species
875 720 1031 777 deducitur:
1054 728 1100 775 aut
1117 718 1133 766 2

147 805 218 858 enim
233 818 266 857 ex
280 809 420 858 contractu
435 808 500 857 suut
514 809 559 855 aut
575 803 650 874 quasi
666 818 698 857 en
708 810 848 859 contractu
863 812 909 860 aut
924 821 955 860 ea
971 803 1100 860 maleiicio

147 895 193 942 aut
208 887 284 958 quasi
296 902 328 941 ex
343 883 480 945 maleficio.
508 886 581 957 prius
597 894 654 954 est,
670 894 699 940 ut
713 886 746 942 de
763 887 814 958 his,
830 903 898 959 quae
913 905 945 942 ea
960 894 1101 944 contractu

145 970 409 1042 sunt‚dispiciamus.
431 968 523 1023 harum
535 983 618 1040 aeque
630 978 759 1041 quattuor
769 973 872 1044 species
884 979 960 1026 suut:
972 979 1019 1026 aut
1030 972 1100 1026 enim

145 1070 176 1110 re
191 1053 390 1109 contrahuntur
403 1061 450 1107 aut
460 1051 547 1108 verbis
558 1060 603 1108 aut
616 1052 712 1109 litteris
725 1063 772 1110 aut
786 1071 929 1111 consensu.
960 1052 1100 1127 dequibus

145 1137 263 1212 siugulis
278 1137 458 1210 dispiciamus.

519 1348 576 1388 urm
589 1349 645 1388 xrv
690 1350 725 1391 v.

207 1432 340 1496 QUIBUS
358 1432 472 1483 MODIS
490 1433 537 1484 RE
556 1349 814 1485 CONTltxlllllTUR
831 1433 1036 1486 OBLIGATIO.

213 1548 271 1610 1lie
293 1555 460 1610 contrahitur
482 1553 610 1628 obligatio
633 1554 715 1610 veluti
737 1555 823 1609 mutui
845 1549 978 1613 datione.²
1013 1556 1100 1610 mutui
1112 1565 1147 1607 Pr.

146 1648 238 1696 autem
255 1631 398 1712 obligatio³
412 1639 439 1694 iu
454 1637 495 1693 his
512 1637 592 1693 rebus
608 1639 742 1709 consistit,
757 1655 824 1710 quae
839 1638 971 1712 pondere,
988 1654 1099 1694 numero

146 1738 306 1780 mensurare
320 1729 459 1790 constant,
473 1721 557 1776 veluti
570 1722 649 1791 vino,
665 1722 741 1792 oleo,
756 1721 908 1792 frumento,
924 1724 1034 1797 pecunia
1048 1738 1099 1778 nu-

145 1815 263 1877 merata,
279 1821 354 1874 aere,
371 1813 499 1878 argento,
514 1821 594 1876 auro,
610 1821 732 1877 quaeres
747 1814 793 1861 aut
804 1806 968 1862 numerando
984 1814 1030 1862 aut
1045 1823 1099 1862 me·

145 1890 240 1948 tiendo
255 1899 302 1945 aut
321 1888 495 1962 adpendendo
510 1890 537 1944 in
552 1889 604 1945 hoc
618 1889 728 1958 damus,
750 1898 779 1944 ut
794 1892 976 1964 accipientium
993 1888 1058 1945 liant
1073 1898 1100 1945 et

147 1973 311 2048 quandoque
332 1972 411 2027 nobis
431 1989 486 2027 uon
505 1972 612 2028 eaedem
627 1989 687 2043 res,
709 1973 755 2029 sed
776 1974 841 2029 aliae
856 1974 973 2030 eiusdem
989 1980 1099 2029 naturae

147 2067 178 2115 et
199 2058 334 2129 qualitatis
355 2055 509 2115 reddantur.
546 2055 617 2111 unde
632 2058 710 2112 etiarn
732 2065 854 2112 mutuum
877 2057 1039 2131 appellatum
1053 2057 1099 2128 sit,

147 2142 212 2216 quia
225 2143 262 2196 ita
277 2157 291 2194 a
307 2155 348 2194 me
364 2138 411 2194 tibi
426 2139 514 2209 datur,
529 2147 559 2194 ut
573 2156 605 2195 er
619 2157 680 2196 meo
696 2149 771 2195 tuum
786 2139 839 2197 fiat.
865 2156 898 2195 en
912 2156 944 2195 eo
959 2147 1099 2195 contractu

146 2226 268 2282 nascitur
282 2223 367 2294 actio,
382 2239 451 2294 quae
465 2230 576 2279 vocatur
591 2223 735 2280 condictio.
755 2277 757 2282 ,
779 2217 822 2278 ⁴ls
837 2239 961 2296 quoque,
983 2224 1029 2296 qui
1044 2239 1099 2278 nou
1118 2221 1131 2269 l

147 2307 268 2364 debitum
289 2305 392 2379 accepit
410 2305 505 2377 abeo,
526 2307 571 2378 qui
586 2324 634 2380 per
653 2323 772 2362 errorem
788 2307 883 2377 solvit,
904 2323 933 2362 re
949 2306 1099 2380 obligatur:

147 2393 281 2465 daturque
301 2391 390 2464 agenti
410 2397 503 2446 contra
523 2405 583 2446 eum
602 2399 714 2464 propter
733 2391 919 2464 repetitionem
942 2390 1100 2448 condictitia

146 2479 232 2549 acti03
255 2489 316 2529 nam
337 2474 450 2547 proinde
473 2475 496 2528 ei
519 2473 623 2530 condici
643 2482 736 2548 potest
758 2490 787 2532 s1
808 2489 909 2532 ranan·
931 2491 994 2533 num
1016 2491 1099 2532 nanu

148 2575 324 2627 oportunae,
338 2573 368 2614 ac
382 2558 405 2612 si
420 2564 542 2613 mutuum
557 2559 710 2632 accepisset.
737 2558 806 2614 unde
820 2559 950 2633 pupillus,
965 2561 988 2614 si
1002 2561 1027 2614 ei
1041 2562 1100 2615 sine

146 2645 249 2699 tutoris
269 2643 428 2697 auctoritate
448 2658 503 2696 nou
523 2640 640 2696 debitum
661 2659 709 2714 per
724 2658 843 2698 errorem
858 2643 949 2698 datum
964 2651 1022 2713 est,
1045 2659 1100 2698 non

146 2735 258 2782 tenetur
278 2725 391 2780 indebiti
410 2725 594 2796 condictione,
617 2742 671 2781 nou
691 2726 774 2798 magis
789 2743 868 2799 quam
883 2727 969 2783 mutui
984 2726 1099 2781 datione.

147 2809 198 2867 sed
219 2811 284 2866 haec
306 2810 409 2881 species
432 2807 601 2881 obligationis
621 2825 676 2864 non
694 2809 799 2864 videtur
820 2825 852 2864 ex
871 2816 1012 2865 contractu
1034 2825 1098 2864 con·

147 2896 260 2962 sistere,
275 2909 335 2948 cum
350 2894 388 2963 is,
410 2893 455 2963 qui
469 2890 590 2947 solvendi
604 2894 691 2948 animo
707 2893 765 2964 dat,
787 2893 872 2965 magis
886 2890 1035 2947 distrahere
1051 2908 1096 2946 vo·
1127 2885 1130 2892 '

147 2977 200 3034 luit
225 2976 365 3049 negotium
392 2991 471 3048 quam
498 2976 665 3034 contrahere.
702 2970 785 3032 ⁵lteru
807 2977 846 3044 is,
875 2977 919 3031 cui
944 2991 988 3030 res
1011 2975 1131 3049 eliquat

217 3220 237 3285 ¹)
253 3237 296 3285 pr.
315 3227 340 3272 et
356 3222 379 3282 ξ.
398 3223 420 3271 t.
437 3221 495 3283 sere
512 3242 545 3262 =
564 3223 618 3272 Gai.
637 3225 666 3284 3,
684 3223 725 3272 90.
744 3223 776 3272 at
795 3227 820 3271 et
837 3222 871 3272 L.
889 3223 911 3271 1.
929 3223 952 3282 ξ.
971 3223 995 3270 2.
1013 3223 1047 3272 D.
1066 3223 1098 3272 de

146 3288 197 3341 obl.
216 3295 241 3338 et
258 3293 308 3339 aot.
327 3305 362 3339 em
376 3289 433 3338 Gaii
444 3291 459 3338 l.
472 3291 487 3338 2
499 3304 551 3338 rer.
564 3295 632 3354 quot.
700 3287 721 3351 ²)
738 3291 796 3352 Dip.
814 3296 839 3338 et
859 3290 913 3342 Gai.
933 3288 1098 3352 obligatione

145 3355 209 3408 BT.
294 3354 315 3420 ³)
332 3357 420 3417 codd,
439 3357 486 3406 aed
503 3363 528 3404 et
544 3357 567 3408 b.
580 3359 595 3405 t.
612 3356 725 3406 librariis
736 3356 824 3405 deberi
834 3359 933 3407 uidetur
950 3372 998 3419 pro
1016 3355 1099 3406 datio.

145 3420 423 3488 ⁴)=·Gai.8‚9lmot.
491 3421 895 3485 ⁵)§§.2...4init.sere=L.
909 3423 1098 3485 1.§§.3...o

145 3491 182 3540 D.
200 3492 232 3540 de
250 3489 297 3540 obl.
315 3497 340 3540 et
357 3497 406 3540 act.
425 3488 477 3554 (44,
496 3487 523 3555 i)
540 3505 575 3538 ex
594 3489 651 3540 Gaii
667 3493 683 3544 l.
700 3492 715 3540 2
732 3505 786 3540 rer·
804 3499 872 3556 quot.
