2492 3896
88 151 129 216 98
403 167 439 202 on
458 167 612 203 eomernms
630 153 667 216 11,
685 155 726 203 25.

89 316 116 364 et
131 309 279 364 manumitti
295 306 389 364 debet:
404 307 501 379 quodsi
517 307 641 363 dominus
656 323 717 363 eum
733 323 786 363 non
803 306 909 379 vendat,
925 307 1045 363 simodo

87 393 152 448 nihii
175 409 206 448 ex
225 391 324 447 iudicio
346 392 419 461 elus,
448 393 493 463 qni
515 392 624 463 reliquit
644 391 809 463 libertatem,
830 392 965 465 percepit,
987 407 1044 446 non

87 477 178 532 statim
195 477 361 547 extinguitur
377 474 621 531 fideicommissaria
639 475 758 544 libertas,
775 474 822 530 sed
833 474 965 545 differtur,
981 476 1044 547 quia

86 561 174 634 possit
188 568 308 631 tempore
322 559 497 632 procedente,
512 558 674 630 ubicumque
689 560 794 616 occasio
810 557 957 614 redimendi
972 560 1044 614 servi

87 642 186 713 luerit,
208 639 336 716 praditarl
357 642 475 698 libertas.
514 645 559 716 qul
581 652 669 698 eutem
692 659 823 699 excausa
845 640 1043 698 fideicommissi

87 728 291 795 manumittitur,
308 742 363 782 non
378 728 516 783 testatoris
532 724 562 780 iit
577 725 697 797 ilbertus,
715 727 818 782 etiamsi
832 727 970 782 testatoris
985 742 1043 781 ser·

85 827 135 865 vus
150 811 194 880 sit,
211 809 257 866 sed
273 811 338 879 elus,
355 811 401 882 qul
416 812 592 866 manumittit:
609 817 637 864 at
651 812 682 879 ls,
700 812 746 883 qul
761 810 863 865 directo
880 818 1045 864 testamento

86 893 154 949 iiber
165 910 225 950 esse
241 893 360 966 iubetur,
376 895 460 967 ipsius
477 895 613 948 testatoris
629 891 660 948 iit
677 893 799 963 ilbertus,
815 895 861 965 qul
878 894 957 948 etiam
973 895 1044 948 orcl-

85 994 136 1034 nus
153 978 311 1051 appellatur.
356 994 405 1034 nec
428 977 494 1032 ailus
516 977 587 1032 ullus
608 976 711 1032 directo
728 993 759 1031 er
775 985 938 1033 testamento
961 976 1042 1031 ilber-

86 1069 166 1118 tatem
179 1062 277 1117 hahere
291 1069 393 1134 potest,
408 1077 487 1133 quam
503 1061 548 1133 qul
561 1069 677 1132 utroque
693 1069 814 1133 tempore
829 1061 967 1116 testatoris
983 1061 1041 1116 lue·

85 1146 136 1214 rit,
159 1157 187 1202 et
208 1162 262 1219 quo
285 1146 383 1200 iaceret
404 1152 593 1200 testamentum
616 1154 643 1198 et
664 1160 718 1215 quo
733 1153 894 1200 moreretur.
937 1143 1041 1200 directo

85 1237 173 1284 autern
189 1229 299 1284 libertas
316 1235 379 1284 tunc
394 1227 450 1283 dari
465 1227 587 1299 videtur,
604 1244 663 1283 cum
679 1244 734 1282 non
749 1228 781 1283 ab
797 1227 848 1282 allo
864 1243 969 1284 servum
984 1243 1041 1282 ma-

85 1314 191 1368 numitti
207 1320 301 1386 roget,
316 1311 364 1366 sed
379 1311 454 1367 velut
468 1329 499 1367 ex
514 1329 565 1367 suo
582 1320 744 1368 testamento
759 1311 909 1366 libertatem
926 1313 951 1367 ei
967 1328 1042 1368 com·

50 1398 66 1445 3
82 1405 176 1469 petere
190 1396 257 1454 vuit.
294 1388 396 1450 ¹Verba
411 1403 499 1451 autem
518 1394 784 1451 fideicommissorum
805 1396 870 1451 haec
885 1395 997 1450 manime
1012 1398 1042 1451 ln

85 1496 135 1535 usu
157 1478 318 1536 habeantur:
341 1495 438 1551 enno,
460 1494 560 1546 1³on,
582 1493 680 1542 voco,
703 1494 1041 1546 manno‚r1nn1uuan

84 1578 256 1620 communae.
293 1579 360 1636 quae
374 1562 485 1636 perinde
500 1562 606 1636 singula
628 1561 702 1617 firma
717 1571 795 1632 sunt,
816 1570 896 1634 atque
911 1565 934 1618 sl
950 1563 1042 1619 omnia

83 1649 204 1702 inunum
220 1655 350 1719 congesta
366 1654 465 1701 essent.

487 1855 543 1898 mr.
557 1857 628 1899 xxv.

414 1958 464 2010 DE
482 1956 698 2012 CODIOILLIS.

31 2096 66 2138 er.
145 2083 214 2138 Ante
227 2083 343 2154 Augusti
359 2090 479 2155 tempora
494 2088 600 2137 constat
614 2082 656 2137 lus
671 2079 856 2137 codicillorum
872 2097 926 2137 non
941 2079 1040 2153 luisse,

81 2165 129 2221 sed
144 2167 246 2238 primus
261 2166 359 2222 incius
374 2165 521 2236 Lentulus,
536 2181 568 2220 ex
584 2166 660 2220 cuius
675 2181 790 2238 persona
806 2166 885 2220 etlam
900 2163 1038 2222 fideicom-

80 2251 161 2304 missa
175 2258 340 2321 coeperunt,
359 2248 496 2306 codicillos
512 2248 671 2306 introduxit.
700 2264 761 2302 nam
777 2265 837 2305 cum
852 2248 994 2305 decederet
1009 2251 1038 2306 ln

81 2332 179 2402 Africa,
202 2334 312 2404 scripsit
335 2332 472 2389 codicillos
496 2340 656 2387 testamento
679 2328 861 2404 confirmatos,
883 2332 981 2404 quihus
1004 2333 1039 2388 ab

79 2416 205 2488 Augusto
221 2417 299 2487 petllt
312 2432 362 2488 per
377 2414 626 2485 fideicommissum,
642 2424 672 2470 ut
687 2414 787 2470 iaceret
801 2415 917 2489 ailquid:
932 2425 960 2472 et
975 2433 1038 2472 cum

80 2499 156 2554 divus
171 2501 308 2570 Augustus
325 2499 489 2554 voluntatem
506 2501 563 2554 elus
578 2498 725 2571 implesset,
741 2500 816 2554 culus
832 2499 957 2574 deinceps
973 2500 1037 2556 rell·

81 2583 127 2656 qui
150 2575 354 2638 auctoritatem²
381 2584 481 2653 secuti,
512 2580 714 2638 fideicommissa
741 2582 910 2655 praestabant
932 2592 961 2640 et
982 2582 1036 2639 filla

79 2665 186 2722 Lentuli
201 2665 305 2738 legata,
326 2683 393 2738 quae
408 2667 467 2720 iure
482 2683 536 2721 non
553 2665 682 2736 debebat,
698 2658 809 2738 solvit,³
830 2666 927 2722 dicitur
941 2668 1036 2741 Augu-

78 2759 138 2806 stus
166 2766 327 2806 convocasse
357 2748 519 2824 prudentes,
547 2750 618 2804 inter
645 2765 714 2822 quos
742 2747 894 2806 'trebatium
916 2767 1036 2824 quoque,

80 2835 157 2890 culus
174 2841 236 2889 tunc
250 2834 398 2890 auctoritas
413 2834 523 2888 maxima
539 2841 613 2904 erat,
628 2842 655 2888 et
671 2833 817 2905 quaesisse,
833 2847 867 2888 an
882 2836 968 2906 possit
982 2835 1039 2892 iroc

79 2918 163 2991 reclpi
182 2934 233 2973 nec
247 2916 377 2973 absonans
394 2918 489 2974 aleris
504 2916 607 2973 ratione
623 2916 807 2973 codicillorum
824 2934 889 2973 usus
904 2926 991 2974 esset:
1008 2928 1037 2974 et

147 3144 168 3212 ¹)
183 3149 242 3209 fere
258 3167 292 3188 ==
311 3147 366 3196 Gai.
389 3149 418 3209 2,
441 3148 499 3197 tte.
601 3144 622 3210 ²)
647 3147 724 3196 culus
745 3146 770 3201 d.
795 3162 817 3197 r.
840 3147 1038 3198 auctoritatem

78 3217 178 3277 scripsi.
197 3214 326 3275 deinceps
348 3213 447 3278 requui
469 3214 661 3264 auctoritatem
685 3214 745 3264 eius
767 3218 806 3264 oet
826 3213 852 3264 d.
870 3230 891 3263 r.
909 3214 967 3264 olus
986 3231 1037 3265 ou-

80 3281 234 3331 ctoritetem
259 3283 333 3330 codd.
359 3282 418 3330 edd.
444 3297 508 3346 puae
531 3281 645 3330 titubatio
674 3283 798 3342 ostendit,
823 3283 893 3331 aedis
921 3283 1038 3333 incertae

76 3348 157 3410 sumac
181 3349 253 3410 eius,
280 3349 375 3411 sactum
396 3363 431 3400 oe.
455 3363 491 3398 em
508 3349 597 3408 cuius,
622 3364 675 3397 cum
696 3349 724 3397 id
744 3349 880 3412 aliquando
905 3350 962 3399 loeo
987 3365 1038 3401 cuo

79 3417 226 3465 caecidisset.
294 3413 315 3478 8)
334 3415 391 3464 irinc
408 3416 532 3478 epodost‘n
549 3417 675 3478 incipere,
693 3417 785 3465 suadet
802 3418 876 3466 ctiam
897 3415 1009 3480 uteopt.
