2500 3890
177 287 237 352 132
312 303 348 338 nn
367 301 525 339 murmane
543 300 782 338 srmuanmotrmna
800 287 855 349 111,
874 288 905 336 19
923 283 986 350 (ΞΟ).

140 454 155 502 2
173 443 312 518 adquirere
326 449 451 516 possunt.
479 442 532 498 Sed
554 459 614 499 cum
636 442 733 499 sactum
748 443 775 497 in
789 440 963 514 stipulatione
978 437 1128 497 continebi-

175 537 235 599 tur,
256 527 408 583 omnimodo
424 543 539 600 persona
554 526 709 600 stipulantis
730 516 912 594 continetur,¹
933 523 1017 579 veluti
1030 525 1054 579 sl
1068 539 1128 578 ser-

173 629 221 667 vus
237 610 396 684 stipuletur,
413 617 445 666 ut
459 609 509 666 sibl
522 612 561 665 ire
577 626 656 682 agere
674 610 765 666 liceat:
785 610 843 683 ipse
859 608 928 664 enim
944 615 1047 663 tantum
1063 624 1128 680 pro-

140 707 156 754 3
173 694 257 750 hiberi
272 711 328 750 non
343 693 438 764 debet,
453 710 507 750 non
523 695 601 750 etiam
622 694 746 750 dominus
761 693 829 751 eius.
864 691 964 748 Servus
979 692 1130 747 communis

173 778 325 852 stipulando
337 779 481 852 unicuique
490 778 658 834 dominorum
674 793 724 850 pro
736 778 862 850 portione
876 775 987 830 dominii
1001 775 1130 847 adquirit,

172 863 262 918 nisisi
276 863 356 917 nnius
377 878 472 917 eorum
486 863 561 916 iussu
577 867 624 916 aut
643 861 798 915 nominatim
813 861 857 915 eui
872 875 967 915 eorum
980 858 1131 931 stipulatus

173 955 227 1002 est:
243 955 309 1003 tune
323 946 393 1001 enim
403 945 456 1001 soli
465 946 489 1000 ei
499 944 657 1016 adquiritur.
681 943 753 1016 qnod
768 959 862 1000 servus
878 943 1026 998 communis
1042 943 1133 1014 stipu-

172 1029 258 1100 latur,
279 1030 302 1084 si
322 1029 398 1084 alteri
418 1045 451 1085 ex
466 1029 579 1084 dominis
595 1028 698 1100 adquiri
715 1043 770 1082 non
789 1034 895 1099 potest,
917 1025 1034 1081 solidum
1051 1025 1131 1081 alteri

172 1113 335 1186 adquiritur,
356 1112 439 1167 veluti
454 1113 477 1166 si
491 1125 550 1184 res,
573 1127 651 1184 quam
672 1110 729 1166 dari
743 1109 889 1183 stipulatus
904 1117 961 1180 est,
983 1110 1064 1165 unius
1079 1108 1132 1164 do-

173 1198 237 1252 mini
254 1198 299 1253 sit.

522 1373 581 1414 um.
593 1372 675 1414 xum
688 1371 771 1420 tm).

360 1457 410 1507 Du
429 1457 614 1510 Dlvlslottu
634 1456 935 1512 STIPULATIONUM.

124 1600 161 1640 nr.
237 1574 464 1654 ²Stipulationum
480 1581 546 1636 aliae
561 1580 695 1636 iudiciales
711 1588 790 1648 sunt,
805 1579 871 1635 aliae
885 1579 1051 1653 praetoriae,
1063 1577 1134 1634 aliae

175 1664 403 1733 conventionales,
419 1665 484 1719 aliae
495 1680 651 1721 communes
664 1672 715 1719 tam
728 1665 877 1737 praetoriae
886 1679 965 1735 quam
980 1661 1132 1719 iudiciales·

143 1746 312 1803 lludieiales
327 1756 391 1802 sunt
411 1747 563 1817 dumtaxat,
587 1763 655 1820 quae
675 1764 689 1802 a
710 1763 783 1802 mero
803 1745 898 1802 indicis
913 1743 1003 1802 officio
1019 1743 1132 1819 profici-

176 1838 302 1887 scuntur:
317 1829 400 1885 veluti
416 1830 449 1886 de
462 1831 525 1886 dolo
538 1832 625 1887 cantio
637 1830 679 1886 vel
688 1830 720 1886 de
735 1830 922 1903 persequendo
938 1846 1027 1902 servo,
1043 1829 1132 1902 quiin

142 1921 157 1966 2
175 1915 240 1988 luga
255 1922 311 1984 est,
326 1914 526 1969 restituendove
540 1917 637 1987 pretio.
664 1913 832 1984 Praetoriae,
848 1931 916 1986 quae
932 1931 947 1969 a
962 1929 1036 1969 mero
1053 1930 1135 1986 prae·
1235 1917 1236 1941 ¹

176 1997 244 2054 toris
260 1996 349 2053 olfioio
364 1995 589 2071 proficiscuntur,
604 1997 687 2053 veluti
701 1998 789 2053 damni
804 1997 895 2054 inlecti
909 1997 951 2052 vel
965 1997 1132 2070 legatorum.
1234 2025 1235 2049 r

176 2083 324 2155 praetorias
345 2088 434 2136 autem
453 2080 639 2155 stipulationes
658 2083 697 2138 sie
715 2081 833 2136 exaudiri
853 2088 979 2155 oportet,
999 2089 1030 2136 ut
1044 2082 1072 2135 in
1087 2081 1133 2136 his
1233 2131 1234 2157 ,

175 2167 365 2222 contineantur
384 2168 463 2222 etiam
478 2165 629 2223 aediliciae:
649 2172 753 2220 namet
771 2165 821 2221 hae
836 2163 868 2220 ab
884 2165 1070 2220 iurisdictione
1084 2181 1133 2220 ve-

143 2251 264 2305 3niunt.
300 2247 520 2305 conventionales
542 2257 621 2321 sunt,
644 2265 712 2322 quae
734 2265 766 2304 ea
788 2249 965 2305 conventione
987 2249 1133 2320 utriusque
1231 2315 1232 2322 ἶ

177 2334 259 2405 partis
280 2333 480 2404 concipiuntur,
503 2332 556 2389 hoe
576 2340 618 2388 est
639 2349 725 2404 neque
743 2333 819 2387 iussu
839 2331 935 2388 iudicis
949 2347 1038 2404 neque
1052 2331 1133 2387 iussu

176 2417 318 2488 praetoris,
333 2415 381 2469 sed
396 2432 428 2470 ex
442 2419 620 2472 conventione
634 2416 858 2472 contrahentium.
887 2432 998 2488 quarum
1015 2415 1130 2470 totidem
1230 2415 1231 2426 ²

177 2513 276 2570 genera
296 2506 376 2570 sunt,
404 2507 472 2571 quot
499 2498 594 2572 (paene
615 2499 736 2570 dixerim)
763 2515 854 2554 rerum
876 2498 1130 2555 contrahendarum.

142 2589 159 2637 4
177 2580 335 2637 Communes
354 2591 418 2637 sunt
439 2582 626 2655 stipulationes
645 2583 728 2638 veluti
747 2599 803 2638 rem
824 2582 921 2638 salvam
942 2584 1000 2639 fore
1020 2581 1131 2656 pupilli:

176 2681 237 2720 nam
252 2673 279 2721 et
293 2673 402 2739 praetor
416 2664 504 2736 iubet,
526 2683 582 2722 rem
597 2666 695 2721 salvam
710 2666 768 2722 fore
782 2666 886 2741 pupillo
902 2668 988 2723 caveri
1003 2674 1031 2721 et
1044 2668 1129 2721 inter·

175 2749 239 2804 dum
254 2749 351 2819 iudea,
366 2751 389 2804 si
403 2749 481 2805 aliter
495 2751 613 2823 expediri
626 2750 692 2806 haec
706 2766 749 2805 ras
765 2767 820 2806 non
834 2757 941 2823 potest:
963 2749 1005 2806 vel
1020 2749 1054 2806 de
1068 2758 1130 2805 rato

176 2833 324 2907 stipulatio.

545 2995 602 3037 mr.
615 2996 673 3036 xrx
688 2993 756 3045 (xx).

334 3081 384 3131 DE
402 3079 611 3132 INUTILIBUS
630 3079 968 3136 STIPULATIONIBUS.

125 3205 162 3246 Pt·
240 3201 329 3257 Omnis
345 3217 398 3272 res,
414 3218 482 3274 quae
496 3203 614 3258 dominio
626 3209 720 3258 nostro
733 3201 870 3273 subicitur,
885 3204 912 3258 in
927 3202 1130 3276 stipulationem

145 3294 158 3339 1
177 3284 271 3342 deduci
285 3293 389 3358 potest,
413 3288 467 3342 sive
482 3286 526 3341 illa
541 3285 645 3342 mobilis
660 3287 715 3341 sire
735 3287 787 3342 soli
799 3288 844 3344 sit.
881 3287 916 3342 At
937 3288 960 3342 si
981 3288 1040 3359 quis
1059 3301 1128 3355 rem,

245 3478 265 3542 ¹)
284 3482 432 3530 σκοπεῑται
453 3479 562 3544 Theopla.
664 3481 685 3543 ²)
702 3497 744 3547 pr.
761 3482 799 3542 ἐξ.
818 3484 853 3533 1.
867 3522 874 3536 .
888 3484 931 3532 .4.
948 3479 1006 3545 fere
1017 3503 1049 3524 ==
1061 3482 1090 3532 L.
1111 3485 1130 3534 ὅ

176 3561 218 3609 pr.
237 3547 272 3597 D.
291 3547 323 3596 de
340 3546 408 3600 verb.
428 3546 475 3600 obl.
494 3548 546 3610 (45,
567 3547 591 3612 1)
610 3564 644 3599 em
660 3550 794 3613 Pomponii
810 3551 827 3602 l.
844 3550 877 3598 26
893 3550 930 3600 ad
945 3549 1006 3602 sao.
