2492 3896
441 213 478 248 on
495 211 701 249 oonnnronmus
712 199 747 262 11,
760 202 783 254 ἵ.
1055 196 1097 261 53

141 354 269 425 seritis,
292 355 335 410 eui
358 353 488 410 donatum
506 355 551 410 sit.
594 353 644 410 hae
666 355 760 410 mortis
782 370 863 410 cause
884 353 1043 410 donationes
1066 353 1098 409 ad

141 437 292 507 exemptum
307 437 459 512 legatorum
475 438 599 494 redaotee
616 447 679 493 suut
694 453 742 510 per
757 440 854 494 omnia.
884 453 943 493 nam
960 453 1020 493 eum
1035 453 1098 510 pru·

141 521 267 578 dentibus
282 521 440 596 ambiguum
452 521 553 591 iuerat,
577 531 666 577 utrum
687 520 840 577 donationis
858 539 891 578 an
913 521 995 594 iegati
1015 522 1101 576 instar

141 604 337 661 enm-obtinere
353 611 509 679 oporteret,
529 613 557 662 et
571 606 712 678 utriusque
727 621 821 672 ousae
837 604 964 678 quaedam
984 604 1100 662 habebat

142 691 258 762 insignia
281 697 310 744 et
330 689 374 744 aiii
396 688 428 744 ed
444 689 516 744 aliud
531 705 616 762 genus
632 705 687 744 eem
704 688 892 760 retrahebant,
913 687 1020 744 anobis
1035 705 1099 744 oon·

141 774 267 830 stitutum
282 766 361 843 est,1
377 780 408 827 ut
422 789 472 846 per
487 774 574 828 omnia
590 771 646 828 fere
661 771 759 847 legatis
775 781 997 830 connumeretur:
1019 781 1047 828 et
1061 773 1099 827 sio

140 857 285 932 procedat,
303 856 527 930 quemadmodum
541 872 597 912 eom
618 865 711 912 nostra
731 855 856 911 iormesit
876 856 1043 914 eonstitutio.
1072 862 1100 910 et

140 943 167 998 in
183 956 286 996 summa
307 942 402 996 mortis
423 957 502 996 nausa
523 939 634 996 donatio
655 947 712 1011 est,
734 955 795 996 oum
810 941 894 1014 magis
909 955 938 994 se
954 941 1013 1012 quis
1035 939 1100 995 reiit

141 1023 257 1094 habere,
280 1039 359 1096 quarn
374 1040 452 1096 eum,
469 1026 518 1080 oui
534 1024 664 1092 donatur,
687 1025 828 1098 magisque
843 1040 921 1095 eum,
942 1025 986 1078 sui
1007 1023 1100 1092 donat,

142 1125 221 1182 quem
234 1108 362 1164 heredem
375 1125 463 1166 suum.
494 1109 533 1164 sie
548 1117 575 1164 et
590 1107 661 1181 apud
673 1107 819 1164 Homerum
829 1107 1003 1164 'ieiemaohus
1018 1105 1101 1162 donat

140 1183 269 1248 Piraeoz²

188 1314 307 1396 Πείραι’
314 1313 428 1422 (ον’
391 1340 476 1398 γαρτ
481 1315 643 1397 'deipnos'
625 1341 707 1392 οιιιος
722 1317 803 1380 ἔσται
817 1313 887 1381 τοδε
902 1319 1000 1402 ἔργα)

185 1403 229 1462 Εἴ
241 1425 294 1462 ιιεν
309 1399 358 1480 ἐμὲ
372 1401 536 1482 μνηστῆρες
551 1399 691 1482 ἀγήνορες
707 1401 739 1462 ἐν
752 1399 900 1505 μεγάροισι

185 1481 299 1590 Λρίθρῃ
313 1485 492 1562 κτείναντες,
507 1507 639 1590 nosppotoc
653 1483 749 1546 πάντα
767 1483 924 1565 δάσωνται,

184 1563 318 1630 Αὖτόν”
301 1565 403 1666 εχοντᾶ
419 1587 452 1630 σε
468 1565 591 1672 βονλομ’
608 1567 824 1649 Ἡπανρὲμεν,
802 1595 821 1650 η
838 1593 904 1630 τινα
922 1569 1028 1630 τῶνδε·

184 1655 226 1714 Εἰ
240 1652 305 1713 δέτι
309 1643 388 1733 ’ἐγω
404 1653 533 1714 τούτοισι
547 1649 642 1732 φόνον
656 1653 706 1715 καὶ
706 1663 796 1756 κῆρα
811 1652 959 1732 φυτεύσω,

186 1731 283 1814 Διὶ
251 1759 315 1798 τοτε
330 1759 380 1816 μοι
393 1738 524 1818 χαίροντι
542 1733 645 1820 φέρειν
658 1729 731 1819 πρὸς
748 1734 868 1817 δώματα
885 1739 1005 1820 χαίρων.

203 1877 277 1932 Aliae
292 1885 380 1931 autem
404 1877 563 1934 donationes
584 1887 664 1947 sunt,
686 1894 755 1951 quae
770 1879 827 1932 sine
844 1877 897 1933 ulie
913 1878 1008 1933 mortis
1023 1877 1097 1951 eogi-
1116 1881 1131 1928 2
1178 1864 1181 1871 ’

142 1963 243 2018 tatione
258 1958 342 2030 flunt,
363 1975 428 2031 quas
443 1962 602 2017 interrivos
618 1961 792 2035 appellamus.
836 1977 904 2033 quae
920 1962 1028 2016 omnino
1044 1975 1100 2016 uon

142 2053 331 2117 comparantur
351 2043 463 2117 legatis:
487 2061 555 2115 quae
576 2047 599 2100 si
621 2045 720 2100 fuerint
734 2044 886 2118 perfectae,
906 2051 1007 2098 temere
1022 2059 1098 2098 revo-

142 2127 197 2184 oari
218 2143 272 2182 non
294 2135 420 2199 possunt.
464 2126 641 2200 perficiuntur
668 2137 771 2198 autem,
800 2143 860 2182 oum
887 2126 1003 2183 donator
1024 2142 1099 2182 suam

141 2211 308 2266 voluntatem
324 2211 431 2282 seriptis
443 2218 489 2265 aut
500 2213 557 2266 sine
569 2211 675 2284 seriptis
687 2210 911 2266 manifestaverit:
924 2218 950 2265 et
965 2210 996 2265 ad
1012 2225 1100 2265 enem-

144 2294 219 2367 plum
242 2293 404 2348 venditionis
426 2303 519 2350 nostra
543 2287 721 2350 constitutio³
742 2310 786 2350 eas
809 2295 887 2350 etiam
909 2294 938 2348 in
959 2293 1100 2350 rehabere

143 2378 328 2433 nenessitatem
345 2377 496 2434 traditionis
511 2376 609 2449 voluit,
626 2387 671 2448 ut,
694 2387 721 2434 et
736 2380 759 2434 si
773 2393 828 2434 non
844 2378 999 2450 tradantur,
1019 2377 1099 2433 hebe-

143 2469 190 2517 ant
211 2461 394 2534 plenissimum
417 2472 444 2518 et
465 2461 614 2536 perfeetum
630 2462 715 2518 robur
736 2470 763 2518 et
785 2461 934 2519 traditionis
954 2464 1100 2518 nenessitas

141 2543 280 2601 incumbet
295 2543 428 2601 donatori.
467 2553 494 2602 et
509 2561 568 2602 eum
583 2554 656 2601 retro
677 2547 827 2620 principum
847 2546 1037 2620 dispositiones
1059 2548 1100 2600 in·

142 2629 244 2684 sinuati
266 2643 310 2682 eas
325 2629 390 2683 antis
409 2628 648 2685 intervenientibus
667 2630 808 2702 volebant,
830 2631 852 2685 si
873 2632 986 2685 maiores
1002 2630 1100 2686 dueen-

141 2720 232 2768 torum
255 2712 362 2768 inerant
385 2713 548 2785 solidorum,
568 2723 661 2769 nostra
682 2707 861 2769 οοοειίιαῑίο4
881 2722 909 2769 et
924 2714 1100 2786 quantitatem

142 2813 229 2870 usqne
244 2795 279 2851 ad·
293 2795 456 2869 quingentos
472 2797 574 2852 solidos
589 2798 736 2871 ampliavit,
758 2813 836 2870 quem
857 2805 929 2851 stare
944 2805 971 2850 et
986 2797 1044 2851 siue
1059 2796 1099 2850 in·

143 2881 296 2936 sinuatione
313 2882 427 2950 statuit,
448 2888 475 2935 et
489 2880 615 2953 quasdam
631 2882 790 2938 donationes
805 2881 922 2948 invenit,
936 2895 1004 2950 quae
1026 2879 1100 2952 peni·

206 3123 284 3192 ⁴¹)L.
301 3127 327 3177 4.
349 3125 378 3176 0.
397 3128 429 3176 de
452 3127 509 3176 don.
527 3143 549 3182 ο,
566 3133 639 3178 mori.
659 3126 698 3190 (8,
716 3127 749 3177 58
767 3129 800 3178 ul.
819 3124 869 3188 57).
971 3123 994 3188 ²)
1012 3141 1101 3175 νενοαε

140 3201 347 3260 sequestremne
364 3193 469 3243 Homer.
489 3193 534 3244 Od.
553 3196 597 3255 li,
617 3195 724 3244 ‘te-83.
742 3198 887 3254 restitutos,
910 3194 937 3242 in
959 3193 1098 3257 archetypo

139 3263 232 3325 fuisse,
261 3267 405 3340 tantumque
428 3264 453 3310 in
480 3263 554 3311 codd.
582 3258 666 3324 (etiam
696 3260 817 3324 Theoph.)
844 3262 968 3323 periisse,
992 3269 1099 3324 praeter

143 3329 255 3393 TdeopIt.
275 3323 337 3392 (δια
350 3320 458 3378 τούτων
471 3326 527 3378 τῶν
542 3319 629 3391 ἐπῶν)
649 3328 828 3378 &neronum'
818 3343 844 3376 ιιι
863 3327 1007 3392 quibusdem
1025 3329 1100 3378 codd.

139 3399 246 3459 vestigia
258 3392 301 3460 (de
314 3397 403 3460 quibus
414 3399 463 3446 oid.
477 3395 596 3455 Scdrod)
609 3398 707 3446 dorent.
722 3397 804 3444 omisit
820 3397 860 3444 ed
874 3394 925 3443 Kr.
976 3393 995 3458 ³)
1007 3395 1041 3444 L.
1054 3396 1098 3444 ot.

140 3463 410 3524 §weddedonat
431 3464 470 3526 (8,
489 3465 572 3514 neat.
591 3459 643 3528 54).
712 3459 783 3525 4)Ῑι.
801 3463 842 3510 36.
862 3461 889 3511 C.
907 3461 964 3511 eod.
