<?xml version="1.0" encoding="UTF-8"?>
<!DOCTYPE html PUBLIC "-//W3C//DTD XHTML 1.0 Transitional//EN"
    "http://www.w3.org/TR/xhtml1/DTD/xhtml1-transitional.dtd">
<html xmlns="http://www.w3.org/1999/xhtml" xml:lang="en" lang="en">
 <head>
  <title>
</title>
<meta http-equiv="Content-Type" content="text/html;charset=utf-8" />
  <meta name='ocr-system' content='tesseract 3.04.00' />
  <meta name='ocr-capabilities' content='ocr_page ocr_carea ocr_par ocr_line ocrx_word'/>
</head>
<body>
  <div class='ocr_page' id='page_1' title='image "./impiustinianiin00huscgoog_0166.png"; bbox 0 0 2500 3890; ppageno 0'>
   <div class='ocr_carea' id='block_1_1' title="bbox 314 210 1108 276">
    <p class='ocr_par' dir='ltr' id='par_1_1' title="bbox 314 210 1108 276">
     <span class='ocr_line' id='line_1_1' title="bbox 314 210 1108 276; baseline 0.006 -16"><span class='ocrx_word' id='word_1_1' title='bbox 314 227 350 261; x_wconf 77' lang='lat' dir='ltr'>ns</span> <span class='ocrx_word' id='word_1_2' title='bbox 368 227 503 261; x_wconf 75' lang='lat' dir='ltr'>amioum</span> <span class='ocrx_word' id='word_1_3' title='bbox 521 227 555 261; x_wconf 82' lang='lat' dir='ltr'>ar</span> <span class='ocrx_word' id='word_1_4' title='bbox 573 227 742 262; x_wconf 80' lang='lat' dir='ltr'>vuuurrronrn</span> <span class='ocrx_word' id='word_1_5' title='bbox 762 213 813 274; x_wconf 87' lang='grc' dir='ltr'>ΙΙΙ,</span> <span class='ocrx_word' id='word_1_6' title='bbox 832 215 864 262; x_wconf 80' lang='lat'>23</span> <span class='ocrx_word' id='word_1_7' title='bbox 882 211 944 276; x_wconf 78' lang='lat'>(24).</span> <span class='ocrx_word' id='word_1_8' title='bbox 1049 210 1108 272; x_wconf 83' lang='lat'>141</span> 
     </span>
    </p>
   </div>
   <div class='ocr_carea' id='block_1_2' title="bbox 155 363 1110 782">
    <p class='ocr_par' dir='ltr' id='par_1_2' title="bbox 155 363 1110 524">
     <span class='ocr_line' id='line_1_2' title="bbox 156 363 1110 440; baseline 0.002 -20"><span class='ocrx_word' id='word_1_9' title='bbox 156 363 283 436; x_wconf 84' lang='lat' dir='ltr'>Homero,</span> <span class='ocrx_word' id='word_1_10' title='bbox 301 367 347 438; x_wconf 90' lang='lat' dir='ltr'>qui</span> <span class='ocrx_word' id='word_1_11' title='bbox 357 366 443 438; x_wconf 88' lang='lat' dir='ltr'>aliqua</span> <span class='ocrx_word' id='word_1_12' title='bbox 454 375 529 440; x_wconf 90' lang='lat' dir='ltr'>parte</span> <span class='ocrx_word' id='word_1_13' title='bbox 542 369 687 423; x_wconf 81' lang='lat' dir='ltr'>exercitum</span> <span class='ocrx_word' id='word_1_14' title='bbox 699 367 862 424; x_wconf 80' lang='lat' dir='ltr'>Achivorum</span> <span class='ocrx_word' id='word_1_15' title='bbox 873 369 964 423; x_wconf 91' lang='lat' dir='ltr'>vinum</span> <span class='ocrx_word' id='word_1_16' title='bbox 976 365 1026 422; x_wconf 90' lang='lat' dir='ltr'>sibi</span> <span class='ocrx_word' id='word_1_17' title='bbox 1037 383 1110 423; x_wconf 92' lang='lat' dir='ltr'>com-</span> 
     </span>
     <span class='ocr_line' id='line_1_3' title="bbox 155 445 969 524; baseline 0.002 -20"><span class='ocrx_word' id='word_1_18' title='bbox 155 465 265 523; x_wconf 79' lang='lat' dir='ltr'>parasse</span> <span class='ocrx_word' id='word_1_19' title='bbox 281 451 317 504; x_wconf 92' lang='lat' dir='ltr'>ait</span> <span class='ocrx_word' id='word_1_20' title='bbox 332 451 490 524; x_wconf 78' lang='lat' dir='ltr'><strong>permutatis</strong></span> <span class='ocrx_word' id='word_1_21' title='bbox 505 450 663 521; x_wconf 89' lang='lat' dir='ltr'>quibusdam</span> <span class='ocrx_word' id='word_1_22' title='bbox 678 450 774 523; x_wconf 91' lang='lat' dir='ltr'>rebus,</span> <span class='ocrx_word' id='word_1_23' title='bbox 791 451 833 507; x_wconf 92' lang='lat' dir='ltr'>his</span> <span class='ocrx_word' id='word_1_24' title='bbox 848 451 935 507; x_wconf 87' lang='lat' dir='ltr'>verbis</span> <span class='ocrx_word' id='word_1_25' title='bbox 945 445 969 506; x_wconf 89' lang='lat'>¹:</span> 
     </span>
    </p>

    <p class='ocr_par' dir='ltr' id='par_1_3' title="bbox 281 525 981 609">
     <span class='ocr_line' id='line_1_4' title="bbox 281 525 981 609; baseline 0.003 -21"><span class='ocrx_word' id='word_1_26' title='bbox 281 527 374 589; x_wconf 78' lang='grc' dir='ltr'><strong><em>ἔνθεν</em></strong></span> <span class='ocrx_word' id='word_1_27' title='bbox 387 525 439 608; x_wconf 84' lang='lat' dir='ltr'>o&#39;e‘p&#39;</span> <span class='ocrx_word' id='word_1_28' title='bbox 456 530 596 602; x_wconf 80' lang='grc' dir='ltr'><strong><em>οἰνίζοντο</em></strong></span> <span class='ocrx_word' id='word_1_29' title='bbox 611 525 848 609; x_wconf 79' lang='grc' dir='ltr'><strong><em>καρηκομόωντες</em></strong></span> <span class='ocrx_word' id='word_1_30' title='bbox 861 527 981 609; x_wconf 80' lang='grc' dir='ltr'><strong><em>Ἀχαιοί,</em></strong></span> 
     </span>
    </p>

    <p class='ocr_par' dir='ltr' id='par_1_4' title="bbox 280 610 962 696">
     <span class='ocr_line' id='line_1_5' title="bbox 280 610 962 696; baseline 0.003 -24"><span class='ocrx_word' id='word_1_31' title='bbox 280 611 362 673; x_wconf 71' lang='grc' dir='ltr'><strong><em>ἄλλοι</em></strong></span> <span class='ocrx_word' id='word_1_32' title='bbox 376 610 432 691; x_wconf 82' lang='grc' dir='ltr'>μὲν</span> <span class='ocrx_word' id='word_1_33' title='bbox 445 613 558 696; x_wconf 74' lang='grc' dir='ltr'><strong><em>χαλκῷ,</em></strong></span> <span class='ocrx_word' id='word_1_34' title='bbox 574 612 657 674; x_wconf 66' lang='grc' dir='ltr'><strong><em>ἄλλοι</em></strong></span> <span class='ocrx_word' id='word_1_35' title='bbox 671 615 689 673; x_wconf 90' lang='lat' dir='ltr'>d</span> <span class='ocrx_word' id='word_1_36' title='bbox 693 611 701 634; x_wconf 95' lang='lat'>&#39;</span> <span class='ocrx_word' id='word_1_37' title='bbox 713 614 828 675; x_wconf 80' lang='grc' dir='ltr'><em>αἴθωνι</em></span> <span class='ocrx_word' id='word_1_38' title='bbox 842 613 962 695; x_wconf 80' lang='grc' dir='ltr'><strong><em>σιδήρῳ,</em></strong></span> 
     </span>
    </p>

    <p class='ocr_par' dir='ltr' id='par_1_5' title="bbox 280 691 933 782">
     <span class='ocr_line' id='line_1_6' title="bbox 280 691 933 782; baseline 0.002 -26"><span class='ocrx_word' id='word_1_39' title='bbox 280 695 363 756; x_wconf 70' lang='grc' dir='ltr'><strong><em>ἄλλοι</em></strong></span> <span class='ocrx_word' id='word_1_40' title='bbox 379 694 412 756; x_wconf 76' lang='grc' dir='ltr'>δὲ</span> <span class='ocrx_word' id='word_1_41' title='bbox 427 696 538 774; x_wconf 76' lang='grc' dir='ltr'><strong><em>ῥινοῖς,</em></strong></span> <span class='ocrx_word' id='word_1_42' title='bbox 552 697 634 757; x_wconf 76' lang='grc' dir='ltr'><strong><em>ἄλλοι</em></strong></span> <span class='ocrx_word' id='word_1_43' title='bbox 649 691 679 757; x_wconf 79' lang='grc' dir='ltr'>δ’</span> <span class='ocrx_word' id='word_1_44' title='bbox 694 694 802 782; x_wconf 73' lang='grc' dir='ltr'><strong><em>αὐτῇσι</em></strong></span> <span class='ocrx_word' id='word_1_45' title='bbox 816 695 933 779; x_wconf 77' lang='grc' dir='ltr'><strong><em>βόεσσι,</em></strong></span> 
     </span>
    </p>
   </div>
   <div class='ocr_carea' id='block_1_3' title="bbox 156 777 1157 3204">
    <p class='ocr_par' dir='ltr' id='par_1_6' title="bbox 156 777 1157 3204">
     <span class='ocr_line' id='line_1_7' title="bbox 281 777 652 858; baseline 0 -18"><span class='ocrx_word' id='word_1_46' title='bbox 281 779 363 840; x_wconf 69' lang='grc' dir='ltr'><strong><em>ἄλλοι</em></strong></span> <span class='ocrx_word' id='word_1_47' title='bbox 379 777 409 840; x_wconf 81' lang='grc' dir='ltr'>δ’</span> <span class='ocrx_word' id='word_1_48' title='bbox 425 777 652 858; x_wconf 76' lang='grc' dir='ltr'><strong><em>ἀνδραπόδεσσι.</em></strong></span> 
     </span>
     <span class='ocr_line' id='line_1_8' title="bbox 156 869 1110 942; baseline 0.003 -19"><span class='ocrx_word' id='word_1_49' title='bbox 156 869 276 925; x_wconf 89' lang='lat' dir='ltr'>diversae</span> <span class='ocrx_word' id='word_1_50' title='bbox 296 869 404 925; x_wconf 90' lang='lat' dir='ltr'>scholae</span> <span class='ocrx_word' id='word_1_51' title='bbox 428 877 552 925; x_wconf 79' lang='lat' dir='ltr'>auctores</span> <span class='ocrx_word' id='word_1_52' title='bbox 567 878 661 926; x_wconf 87' lang='lat' dir='ltr'>contra</span> <span class='ocrx_word' id='word_1_53' title='bbox 676 869 825 926; x_wconf 79' lang='lat' dir='ltr'>sentiebant</span> <span class='ocrx_word' id='word_1_54' title='bbox 840 870 965 942; x_wconf 79' lang='lat' dir='ltr'>aliudque</span> <span class='ocrx_word' id='word_1_55' title='bbox 980 886 1040 926; x_wconf 91' lang='lat' dir='ltr'>esse</span> <span class='ocrx_word' id='word_1_56' title='bbox 1055 872 1110 926; x_wconf 84' lang='lat' dir='ltr'>exi·</span> 
     </span>
     <span class='ocr_line' id='line_1_9' title="bbox 156 952 1109 1027; baseline 0.002 -19"><span class='ocrx_word' id='word_1_57' title='bbox 156 952 298 1009; x_wconf 89' lang='lat' dir='ltr'>stimabant</span> <span class='ocrx_word' id='word_1_58' title='bbox 313 954 537 1026; x_wconf 87' lang='lat' dir='ltr'>permutationem</span> <span class='ocrx_word' id='word_1_59' title='bbox 552 969 657 1024; x_wconf 84' lang='lat' dir='ltr'>rerum,</span> <span class='ocrx_word' id='word_1_60' title='bbox 673 953 745 1010; x_wconf 91' lang='lat' dir='ltr'>aliud</span> <span class='ocrx_word' id='word_1_61' title='bbox 760 955 922 1027; x_wconf 84' lang='lat' dir='ltr'>emptionem</span> <span class='ocrx_word' id='word_1_62' title='bbox 937 962 964 1009; x_wconf 93' lang='lat' dir='ltr'>et</span> <span class='ocrx_word' id='word_1_63' title='bbox 980 955 1109 1010; x_wconf 91' lang='lat' dir='ltr'>venditio·</span> 
     </span>
     <span class='ocr_line' id='line_1_10' title="bbox 156 1036 1109 1112; baseline 0.002 -20"><span class='ocrx_word' id='word_1_64' title='bbox 156 1053 224 1092; x_wconf 90' lang='lat' dir='ltr'>nem.</span> <span class='ocrx_word' id='word_1_65' title='bbox 254 1036 373 1109; x_wconf 91' lang='lat' dir='ltr'>alioquin</span> <span class='ocrx_word' id='word_1_66' title='bbox 384 1054 438 1092; x_wconf 91' lang='lat' dir='ltr'>non</span> <span class='ocrx_word' id='word_1_67' title='bbox 449 1053 531 1110; x_wconf 90' lang='lat' dir='ltr'>posse</span> <span class='ocrx_word' id='word_1_68' title='bbox 546 1053 602 1092; x_wconf 92' lang='lat' dir='ltr'>rem</span> <span class='ocrx_word' id='word_1_69' title='bbox 617 1038 746 1112; x_wconf 84' lang='lat' dir='ltr'>expediri,</span> <span class='ocrx_word' id='word_1_70' title='bbox 761 1039 919 1110; x_wconf 86' lang='lat' dir='ltr'>permutatis</span> <span class='ocrx_word' id='word_1_71' title='bbox 934 1037 1025 1109; x_wconf 84' lang='lat' dir='ltr'>rebus,</span> <span class='ocrx_word' id='word_1_72' title='bbox 1041 1053 1109 1110; x_wconf 89' lang='lat' dir='ltr'>quae</span> 
     </span>
     <span class='ocr_line' id='line_1_11' title="bbox 158 1120 1110 1194; baseline -0.001 -18"><span class='ocrx_word' id='word_1_73' title='bbox 158 1120 275 1176; x_wconf 84' lang='lat' dir='ltr'>videatur</span> <span class='ocrx_word' id='word_1_74' title='bbox 302 1136 344 1176; x_wconf 89' lang='lat' dir='ltr'>res</span> <span class='ocrx_word' id='word_1_75' title='bbox 370 1120 477 1176; x_wconf 82' lang='lat' dir='ltr'>venisse</span> <span class='ocrx_word' id='word_1_76' title='bbox 505 1129 532 1177; x_wconf 92' lang='lat' dir='ltr'>et</span> <span class='ocrx_word' id='word_1_77' title='bbox 554 1136 623 1194; x_wconf 90' lang='lat' dir='ltr'>quae</span> <span class='ocrx_word' id='word_1_78' title='bbox 646 1123 726 1194; x_wconf 91' lang='lat' dir='ltr'>pretii</span> <span class='ocrx_word' id='word_1_79' title='bbox 747 1122 855 1177; x_wconf 90' lang='lat' dir='ltr'>nomine</span> <span class='ocrx_word' id='word_1_80' title='bbox 877 1121 939 1176; x_wconf 92' lang='lat' dir='ltr'>data</span> <span class='ocrx_word' id='word_1_81' title='bbox 954 1137 1027 1176; x_wconf 90' lang='lat' dir='ltr'>esse:</span> <span class='ocrx_word' id='word_1_82' title='bbox 1049 1136 1110 1176; x_wconf 92' lang='lat' dir='ltr'>uam</span> 
     </span>
     <span class='ocr_line' id='line_1_12' title="bbox 157 1204 1110 1278; baseline 0 -19"><span class='ocrx_word' id='word_1_83' title='bbox 157 1213 297 1276; x_wconf 89' lang='lat' dir='ltr'>utramque</span> <span class='ocrx_word' id='word_1_84' title='bbox 311 1204 394 1260; x_wconf 90' lang='lat' dir='ltr'>videri</span> <span class='ocrx_word' id='word_1_85' title='bbox 409 1213 435 1259; x_wconf 94' lang='lat' dir='ltr'>et</span> <span class='ocrx_word' id='word_1_86' title='bbox 449 1205 554 1260; x_wconf 90' lang='lat' dir='ltr'>venisse</span> <span class='ocrx_word' id='word_1_87' title='bbox 569 1212 596 1261; x_wconf 92' lang='lat' dir='ltr'>et</span> <span class='ocrx_word' id='word_1_88' title='bbox 610 1206 691 1278; x_wconf 89' lang='lat' dir='ltr'>pretii</span> <span class='ocrx_word' id='word_1_89' title='bbox 705 1207 813 1260; x_wconf 89' lang='lat' dir='ltr'>nomine</span> <span class='ocrx_word' id='word_1_90' title='bbox 828 1205 915 1261; x_wconf 87' lang='lat' dir='ltr'>datam</span> <span class='ocrx_word' id='word_1_91' title='bbox 931 1222 1006 1276; x_wconf 87' lang='lat' dir='ltr'>esse,</span> <span class='ocrx_word' id='word_1_92' title='bbox 1029 1205 1110 1260; x_wconf 91' lang='lat' dir='ltr'>ratio·</span> 
     </span>
     <span class='ocr_line' id='line_1_13' title="bbox 157 1287 1110 1362; baseline 0.001 -19"><span class='ocrx_word' id='word_1_93' title='bbox 157 1304 216 1343; x_wconf 91' lang='lat' dir='ltr'>nem</span> <span class='ocrx_word' id='word_1_94' title='bbox 231 1304 287 1342; x_wconf 92' lang='lat' dir='ltr'>non</span> <span class='ocrx_word' id='word_1_95' title='bbox 301 1289 364 1361; x_wconf 86' lang='lat' dir='ltr'>pati.</span> <span class='ocrx_word' id='word_1_96' title='bbox 400 1287 448 1343; x_wconf 90' lang='lat' dir='ltr'>sed</span> <span class='ocrx_word' id='word_1_97' title='bbox 462 1287 569 1345; x_wconf 84' lang='lat' dir='ltr'>Proculi</span> <span class='ocrx_word' id='word_1_98' title='bbox 588 1291 720 1344; x_wconf 90' lang='lat' dir='ltr'>sententia</span> <span class='ocrx_word' id='word_1_99' title='bbox 735 1289 862 1359; x_wconf 85' lang='lat' dir='ltr'>dicentis,</span> <span class='ocrx_word' id='word_1_100' title='bbox 884 1289 1110 1362; x_wconf 86' lang='lat' dir='ltr'>permutationem</span> 
     </span>
     <span class='ocr_line' id='line_1_14' title="bbox 157 1373 1109 1447; baseline 0.002 -21"><span class='ocrx_word' id='word_1_101' title='bbox 157 1373 292 1445; x_wconf 87' lang='lat' dir='ltr'>propriam</span> <span class='ocrx_word' id='word_1_102' title='bbox 304 1388 364 1427; x_wconf 91' lang='lat' dir='ltr'>esse</span> <span class='ocrx_word' id='word_1_103' title='bbox 378 1373 494 1445; x_wconf 88' lang='lat' dir='ltr'>speciem</span> <span class='ocrx_word' id='word_1_104' title='bbox 509 1380 663 1428; x_wconf 89' lang='lat' dir='ltr'>contractus</span> <span class='ocrx_word' id='word_1_105' title='bbox 679 1389 692 1427; x_wconf 93' lang='lat' dir='ltr'>a</span> <span class='ocrx_word' id='word_1_106' title='bbox 707 1373 860 1428; x_wconf 88' lang='lat' dir='ltr'>venditione</span> <span class='ocrx_word' id='word_1_107' title='bbox 876 1381 1039 1447; x_wconf 80' lang='lat' dir='ltr'>separatam,</span> <span class='ocrx_word' id='word_1_108' title='bbox 1055 1388 1109 1428; x_wconf 90' lang='lat' dir='ltr'>me·</span> 
     </span>
     <span class='ocr_line' id='line_1_15' title="bbox 157 1449 1110 1530; baseline -0.001 -20"><span class='ocrx_word' id='word_1_109' title='bbox 157 1457 209 1511; x_wconf 93' lang='lat' dir='ltr'>rito</span> <span class='ocrx_word' id='word_1_110' title='bbox 223 1455 387 1530; x_wconf 88' lang='lat' dir='ltr'>praevaluit,</span> <span class='ocrx_word' id='word_1_111' title='bbox 404 1472 464 1512; x_wconf 90' lang='lat' dir='ltr'>cum</span> <span class='ocrx_word' id='word_1_112' title='bbox 479 1464 507 1511; x_wconf 93' lang='lat' dir='ltr'>et</span> <span class='ocrx_word' id='word_1_113' title='bbox 521 1449 598 1528; x_wconf 88' lang='lat' dir='ltr'>ipse²</span> <span class='ocrx_word' id='word_1_114' title='bbox 613 1455 671 1510; x_wconf 85' lang='lat' dir='ltr'>aliis</span> <span class='ocrx_word' id='word_1_115' title='bbox 687 1455 833 1512; x_wconf 84' lang='lat' dir='ltr'>Homericis</span> <span class='ocrx_word' id='word_1_116' title='bbox 849 1450 987 1511; x_wconf 80' lang='lat' dir='ltr'>versibus³</span> <span class='ocrx_word' id='word_1_117' title='bbox 1004 1456 1110 1511; x_wconf 87' lang='lat' dir='ltr'>adiuva-</span> 
     </span>
     <span class='ocr_line' id='line_1_16' title="bbox 158 1537 1110 1618; baseline 0 -24"><span class='ocrx_word' id='word_1_118' title='bbox 158 1548 201 1594; x_wconf 87' lang='lat' dir='ltr'>tur</span> <span class='ocrx_word' id='word_1_119' title='bbox 215 1547 243 1594; x_wconf 94' lang='lat' dir='ltr'>et</span> <span class='ocrx_word' id='word_1_120' title='bbox 253 1537 426 1594; x_wconf 87' lang='lat' dir='ltr'>validioribus</span> <span class='ocrx_word' id='word_1_121' title='bbox 437 1539 586 1594; x_wconf 91' lang='lat' dir='ltr'>rationibus</span> <span class='ocrx_word' id='word_1_122' title='bbox 597 1547 809 1612; x_wconf 84' lang='lat' dir='ltr'>argumentatur.</span> <span class='ocrx_word' id='word_1_123' title='bbox 831 1540 911 1618; x_wconf 30' lang='lat' dir='ltr'>&#39;quod</span> <span class='ocrx_word' id='word_1_124' title='bbox 923 1547 950 1595; x_wconf 91' lang='lat' dir='ltr'>et</span> <span class='ocrx_word' id='word_1_125' title='bbox 963 1541 1110 1594; x_wconf 88' lang='lat' dir='ltr'>anteriores</span> 
     </span>
     <span class='ocr_line' id='line_1_17' title="bbox 158 1621 1109 1697; baseline 0 -19"><span class='ocrx_word' id='word_1_126' title='bbox 158 1623 208 1678; x_wconf 90' lang='lat' dir='ltr'>divi</span> <span class='ocrx_word' id='word_1_127' title='bbox 221 1623 357 1696; x_wconf 89' lang='lat' dir='ltr'>principes</span> <span class='ocrx_word' id='word_1_128' title='bbox 372 1623 536 1679; x_wconf 89' lang='lat' dir='ltr'>admiserunt</span> <span class='ocrx_word' id='word_1_129' title='bbox 556 1632 583 1678; x_wconf 93' lang='lat' dir='ltr'>et</span> <span class='ocrx_word' id='word_1_130' title='bbox 598 1623 625 1678; x_wconf 94' lang='lat' dir='ltr'>in</span> <span class='ocrx_word' id='word_1_131' title='bbox 641 1624 740 1679; x_wconf 90' lang='lat' dir='ltr'>uostris</span> <span class='ocrx_word' id='word_1_132' title='bbox 755 1623 868 1696; x_wconf 80' lang='lat' dir='ltr'>digestis</span> <span class='ocrx_word' id='word_1_133' title='bbox 883 1623 961 1678; x_wconf 89' lang='lat' dir='ltr'>latius</span> <span class='ocrx_word' id='word_1_134' title='bbox 977 1621 1109 1697; x_wconf 77' lang='lat' dir='ltr'>significa-</span> 
     </span>
     <span class='ocr_line' id='line_1_18' title="bbox 157 1705 1142 1781; baseline -0.002 -19"><span class='ocrx_word' id='word_1_135' title='bbox 157 1710 208 1766; x_wconf 82' lang='lat' dir='ltr'>tur.</span> <span class='ocrx_word' id='word_1_136' title='bbox 244 1705 309 1762; x_wconf 84' lang='lat' dir='ltr'>Cum</span> <span class='ocrx_word' id='word_1_137' title='bbox 329 1714 418 1761; x_wconf 91' lang='lat' dir='ltr'>autem</span> <span class='ocrx_word' id='word_1_138' title='bbox 438 1707 537 1780; x_wconf 86' lang='lat' dir='ltr'>eruptio</span> <span class='ocrx_word' id='word_1_139' title='bbox 559 1715 585 1762; x_wconf 88' lang='lat' dir='ltr'>et</span> <span class='ocrx_word' id='word_1_140' title='bbox 601 1707 719 1762; x_wconf 88' lang='lat' dir='ltr'>venditio</span> <span class='ocrx_word' id='word_1_141' title='bbox 736 1714 872 1764; x_wconf 88' lang='lat' dir='ltr'>contracta</span> <span class='ocrx_word' id='word_1_142' title='bbox 887 1709 923 1762; x_wconf 87' lang='lat' dir='ltr'>sit</span> <span class='ocrx_word' id='word_1_143' title='bbox 940 1706 1024 1781; x_wconf 85' lang='lat' dir='ltr'>(quod</span> <span class='ocrx_word' id='word_1_144' title='bbox 1039 1705 1109 1762; x_wconf 85' lang='lat' dir='ltr'>ellici</span> <span class='ocrx_word' id='word_1_145' title='bbox 1127 1719 1142 1768; x_wconf 83' lang='lat'>3</span> 
     </span>
     <span class='ocr_line' id='line_1_19' title="bbox 157 1788 1109 1864; baseline 0.001 -19"><span class='ocrx_word' id='word_1_146' title='bbox 157 1790 284 1860; x_wconf 77' lang='lat' dir='ltr'>dirimas,</span> <span class='ocrx_word' id='word_1_147' title='bbox 307 1788 468 1862; x_wconf 90' lang='lat' dir='ltr'>simulatque</span> <span class='ocrx_word' id='word_1_148' title='bbox 483 1790 517 1845; x_wconf 93' lang='lat' dir='ltr'>de</span> <span class='ocrx_word' id='word_1_149' title='bbox 532 1791 620 1864; x_wconf 92' lang='lat' dir='ltr'>pretio</span> <span class='ocrx_word' id='word_1_150' title='bbox 636 1793 807 1862; x_wconf 86' lang='lat' dir='ltr'>convenerit,</span> <span class='ocrx_word' id='word_1_151' title='bbox 829 1808 890 1848; x_wconf 84' lang='lat' dir='ltr'>curn</span> <span class='ocrx_word' id='word_1_152' title='bbox 905 1793 962 1847; x_wconf 88' lang='lat' dir='ltr'>sine</span> <span class='ocrx_word' id='word_1_153' title='bbox 977 1792 1109 1864; x_wconf 90' lang='lat' dir='ltr'>scriptura</span> 
     </span>
     <span class='ocr_line' id='line_1_20' title="bbox 157 1866 1110 1952; baseline -0.001 -22"><span class='ocrx_word' id='word_1_154' title='bbox 157 1891 199 1930; x_wconf 91' lang='lat' dir='ltr'>res</span> <span class='ocrx_word' id='word_1_155' title='bbox 215 1866 333 1952; x_wconf 80' lang='lat' dir='ltr'>agitur),</span> <span class='ocrx_word' id='word_1_156' title='bbox 353 1875 503 1946; x_wconf 90' lang='lat' dir='ltr'>periculum</span> <span class='ocrx_word' id='word_1_157' title='bbox 517 1876 556 1929; x_wconf 94' lang='lat' dir='ltr'>rei</span> <span class='ocrx_word' id='word_1_158' title='bbox 576 1874 698 1930; x_wconf 88' lang='lat' dir='ltr'>venditae</span> <span class='ocrx_word' id='word_1_159' title='bbox 713 1877 802 1930; x_wconf 89' lang='lat' dir='ltr'>statim</span> <span class='ocrx_word' id='word_1_160' title='bbox 817 1875 850 1931; x_wconf 92' lang='lat' dir='ltr'>ad</span> <span class='ocrx_word' id='word_1_161' title='bbox 865 1883 1013 1948; x_wconf 89' lang='lat' dir='ltr'>emptorem</span> <span class='ocrx_word' id='word_1_162' title='bbox 1028 1875 1110 1948; x_wconf 91' lang='lat' dir='ltr'>perti·</span> 
     </span>
     <span class='ocr_line' id='line_1_21' title="bbox 157 1958 1110 2031; baseline -0.003 -17"><span class='ocrx_word' id='word_1_163' title='bbox 157 1967 218 2030; x_wconf 89' lang='lat' dir='ltr'>net,</span> <span class='ocrx_word' id='word_1_164' title='bbox 241 1959 348 2014; x_wconf 89' lang='lat' dir='ltr'>tametsi</span> <span class='ocrx_word' id='word_1_165' title='bbox 366 1958 452 2013; x_wconf 93' lang='lat' dir='ltr'>adbuc</span> <span class='ocrx_word' id='word_1_166' title='bbox 473 1974 504 2012; x_wconf 90' lang='lat' dir='ltr'>ea</span> <span class='ocrx_word' id='word_1_167' title='bbox 523 1974 567 2013; x_wconf 90' lang='lat' dir='ltr'>res</span> <span class='ocrx_word' id='word_1_168' title='bbox 586 1960 703 2031; x_wconf 90' lang='lat' dir='ltr'>emptori</span> <span class='ocrx_word' id='word_1_169' title='bbox 723 1960 819 2014; x_wconf 90' lang='lat' dir='ltr'>tradita</span> <span class='ocrx_word' id='word_1_170' title='bbox 839 1959 953 2014; x_wconf 89' lang='lat' dir='ltr'>nonsit.</span> <span class='ocrx_word' id='word_1_171' title='bbox 983 1959 1073 2029; x_wconf 90' lang='lat' dir='ltr'>itaque</span> <span class='ocrx_word' id='word_1_172' title='bbox 1087 1959 1110 2012; x_wconf 92' lang='lat' dir='ltr'>si</span> 
     </span>
     <span class='ocr_line' id='line_1_22' title="bbox 157 2040 1110 2116; baseline -0.003 -18"><span class='ocrx_word' id='word_1_173' title='bbox 157 2042 237 2098; x_wconf 90' lang='lat' dir='ltr'>humo</span> <span class='ocrx_word' id='word_1_174' title='bbox 253 2049 376 2097; x_wconf 88' lang='lat' dir='ltr'>mortuus</span> <span class='ocrx_word' id='word_1_175' title='bbox 397 2043 432 2096; x_wconf 88' lang='lat' dir='ltr'>sit</span> <span class='ocrx_word' id='word_1_176' title='bbox 451 2041 494 2096; x_wconf 88' lang='lat' dir='ltr'>vel</span> <span class='ocrx_word' id='word_1_177' title='bbox 509 2042 597 2114; x_wconf 89' lang='lat' dir='ltr'>aliqua</span> <span class='ocrx_word' id='word_1_178' title='bbox 611 2051 689 2116; x_wconf 91' lang='lat' dir='ltr'>parte</span> <span class='ocrx_word' id='word_1_179' title='bbox 708 2042 830 2115; x_wconf 89' lang='lat' dir='ltr'>corporis</span> <span class='ocrx_word' id='word_1_180' title='bbox 845 2040 933 2096; x_wconf 91' lang='lat' dir='ltr'>laesus</span> <span class='ocrx_word' id='word_1_181' title='bbox 948 2040 1044 2110; x_wconf 82' lang='lat' dir='ltr'>luerit,</span> <span class='ocrx_word' id='word_1_182' title='bbox 1065 2051 1110 2096; x_wconf 92' lang='lat' dir='ltr'>aut</span> 
     </span>
     <span class='ocr_line' id='line_1_23' title="bbox 157 2123 1109 2198; baseline -0.002 -17"><span class='ocrx_word' id='word_1_183' title='bbox 157 2125 235 2182; x_wconf 87' lang='lat' dir='ltr'>aedes</span> <span class='ocrx_word' id='word_1_184' title='bbox 256 2133 330 2180; x_wconf 92' lang='lat' dir='ltr'>totae</span> <span class='ocrx_word' id='word_1_185' title='bbox 351 2134 397 2180; x_wconf 90' lang='lat' dir='ltr'>aut</span> <span class='ocrx_word' id='word_1_186' title='bbox 416 2125 503 2197; x_wconf 88' lang='lat' dir='ltr'>aliqua</span> <span class='ocrx_word' id='word_1_187' title='bbox 523 2141 555 2180; x_wconf 82' lang='lat' dir='ltr'>ea</span> <span class='ocrx_word' id='word_1_188' title='bbox 575 2134 651 2198; x_wconf 90' lang='lat' dir='ltr'>parte</span> <span class='ocrx_word' id='word_1_189' title='bbox 670 2124 793 2180; x_wconf 91' lang='lat' dir='ltr'>incendio</span> <span class='ocrx_word' id='word_1_190' title='bbox 809 2133 983 2196; x_wconf 86' lang='lat' dir='ltr'>consumptae</span> <span class='ocrx_word' id='word_1_191' title='bbox 998 2123 1109 2194; x_wconf 81' lang='lat' dir='ltr'>luerint,</span> 
     </span>
     <span class='ocr_line' id='line_1_24' title="bbox 158 2207 1110 2281; baseline -0.003 -16"><span class='ocrx_word' id='word_1_192' title='bbox 158 2219 203 2265; x_wconf 91' lang='lat' dir='ltr'>aut</span> <span class='ocrx_word' id='word_1_193' title='bbox 224 2208 322 2264; x_wconf 82' lang='lat' dir='ltr'>fundus</span> <span class='ocrx_word' id='word_1_194' title='bbox 345 2210 370 2263; x_wconf 91' lang='lat' dir='ltr'>vi</span> <span class='ocrx_word' id='word_1_195' title='bbox 392 2207 507 2263; x_wconf 89' lang='lat' dir='ltr'>lluminis</span> <span class='ocrx_word' id='word_1_196' title='bbox 530 2217 605 2264; x_wconf 91' lang='lat' dir='ltr'>totus</span> <span class='ocrx_word' id='word_1_197' title='bbox 626 2208 669 2263; x_wconf 91' lang='lat' dir='ltr'>vel</span> <span class='ocrx_word' id='word_1_198' title='bbox 691 2208 779 2281; x_wconf 88' lang='lat' dir='ltr'>aliqua</span> <span class='ocrx_word' id='word_1_199' title='bbox 801 2224 834 2263; x_wconf 81' lang='lat' dir='ltr'>ex</span> <span class='ocrx_word' id='word_1_200' title='bbox 852 2217 929 2281; x_wconf 90' lang='lat' dir='ltr'>parte</span> <span class='ocrx_word' id='word_1_201' title='bbox 949 2207 1051 2263; x_wconf 91' lang='lat' dir='ltr'>ablatus</span> <span class='ocrx_word' id='word_1_202' title='bbox 1065 2209 1110 2276; x_wconf 88' lang='lat' dir='ltr'>sit,</span> 
     </span>
     <span class='ocr_line' id='line_1_25' title="bbox 157 2291 1110 2364; baseline -0.002 -16"><span class='ocrx_word' id='word_1_203' title='bbox 157 2295 211 2350; x_wconf 86' lang='lat' dir='ltr'>sive</span> <span class='ocrx_word' id='word_1_204' title='bbox 233 2294 312 2348; x_wconf 90' lang='lat' dir='ltr'>etiam</span> <span class='ocrx_word' id='word_1_205' title='bbox 333 2292 508 2348; x_wconf 91' lang='lat' dir='ltr'>inundatione</span> <span class='ocrx_word' id='word_1_206' title='bbox 536 2308 619 2364; x_wconf 90' lang='lat' dir='ltr'>aquae</span> <span class='ocrx_word' id='word_1_207' title='bbox 641 2300 687 2347; x_wconf 91' lang='lat' dir='ltr'>aut</span> <span class='ocrx_word' id='word_1_208' title='bbox 709 2291 850 2347; x_wconf 84' lang='lat' dir='ltr'>arboribus</span> <span class='ocrx_word' id='word_1_209' title='bbox 873 2291 979 2348; x_wconf 91' lang='lat' dir='ltr'>turbine</span> <span class='ocrx_word' id='word_1_210' title='bbox 1000 2292 1110 2348; x_wconf 89' lang='lat' dir='ltr'>deiectis</span> 
     </span>
     <span class='ocr_line' id='line_1_26' title="bbox 156 2375 1109 2451; baseline -0.002 -19"><span class='ocrx_word' id='word_1_211' title='bbox 156 2377 238 2451; x_wconf 79' lang='lat' dir='ltr'>longe</span> <span class='ocrx_word' id='word_1_212' title='bbox 253 2377 341 2432; x_wconf 91' lang='lat' dir='ltr'>minor</span> <span class='ocrx_word' id='word_1_213' title='bbox 356 2385 402 2431; x_wconf 91' lang='lat' dir='ltr'>aut</span> <span class='ocrx_word' id='word_1_214' title='bbox 416 2376 535 2432; x_wconf 89' lang='lat' dir='ltr'>deterior</span> <span class='ocrx_word' id='word_1_215' title='bbox 550 2393 609 2432; x_wconf 91' lang='lat' dir='ltr'>esse</span> <span class='ocrx_word' id='word_1_216' title='bbox 624 2377 757 2448; x_wconf 90' lang='lat' dir='ltr'>coeperit:</span> <span class='ocrx_word' id='word_1_217' title='bbox 773 2376 902 2448; x_wconf 89' lang='lat' dir='ltr'>emptoris</span> <span class='ocrx_word' id='word_1_218' title='bbox 916 2375 1042 2431; x_wconf 92' lang='lat' dir='ltr'>damnum</span> <span class='ocrx_word' id='word_1_219' title='bbox 1058 2384 1109 2445; x_wconf 78' lang='lat' dir='ltr'>est,</span> 
     </span>
     <span class='ocr_line' id='line_1_27' title="bbox 157 2459 1108 2534; baseline -0.001 -17"><span class='ocrx_word' id='word_1_220' title='bbox 157 2463 198 2518; x_wconf 91' lang='lat' dir='ltr'>cui</span> <span class='ocrx_word' id='word_1_221' title='bbox 213 2475 324 2517; x_wconf 89' lang='lat' dir='ltr'>necesse</span> <span class='ocrx_word' id='word_1_222' title='bbox 339 2469 397 2530; x_wconf 83' lang='lat' dir='ltr'>est,</span> <span class='ocrx_word' id='word_1_223' title='bbox 417 2459 479 2515; x_wconf 88' lang='lat' dir='ltr'>licet</span> <span class='ocrx_word' id='word_1_224' title='bbox 494 2476 551 2515; x_wconf 91' lang='lat' dir='ltr'>rem</span> <span class='ocrx_word' id='word_1_225' title='bbox 566 2475 621 2515; x_wconf 89' lang='lat' dir='ltr'>nou</span> <span class='ocrx_word' id='word_1_226' title='bbox 636 2459 718 2515; x_wconf 83' lang='lat' dir='ltr'>fuerit</span> <span class='ocrx_word' id='word_1_227' title='bbox 733 2469 841 2530; x_wconf 80' lang='lat' dir='ltr'>nactus,</span> <span class='ocrx_word' id='word_1_228' title='bbox 863 2462 978 2534; x_wconf 92' lang='lat' dir='ltr'>pretium</span> <span class='ocrx_word' id='word_1_229' title='bbox 994 2460 1108 2516; x_wconf 90' lang='lat' dir='ltr'>solvere.</span> 
     </span>
     <span class='ocr_line' id='line_1_28' title="bbox 158 2543 1109 2618; baseline -0.003 -17"><span class='ocrx_word' id='word_1_230' title='bbox 158 2544 287 2618; x_wconf 89' lang='lat' dir='ltr'>quidquid</span> <span class='ocrx_word' id='word_1_231' title='bbox 302 2545 371 2599; x_wconf 90' lang='lat' dir='ltr'>enim</span> <span class='ocrx_word' id='word_1_232' title='bbox 387 2545 443 2598; x_wconf 90' lang='lat' dir='ltr'>sine</span> <span class='ocrx_word' id='word_1_233' title='bbox 459 2543 521 2598; x_wconf 95' lang='lat' dir='ltr'>dolo</span> <span class='ocrx_word' id='word_1_234' title='bbox 537 2551 564 2598; x_wconf 90' lang='lat' dir='ltr'>et</span> <span class='ocrx_word' id='word_1_235' title='bbox 578 2543 655 2618; x_wconf 90' lang='lat' dir='ltr'>culpa</span> <span class='ocrx_word' id='word_1_236' title='bbox 669 2543 815 2600; x_wconf 87' lang='lat' dir='ltr'>venditoris</span> <span class='ocrx_word' id='word_1_237' title='bbox 831 2544 940 2617; x_wconf 86' lang='lat' dir='ltr'>accidit,</span> <span class='ocrx_word' id='word_1_238' title='bbox 956 2546 983 2599; x_wconf 93' lang='lat' dir='ltr'>in</span> <span class='ocrx_word' id='word_1_239' title='bbox 998 2561 1030 2600; x_wconf 93' lang='lat' dir='ltr'>eo</span> <span class='ocrx_word' id='word_1_240' title='bbox 1046 2561 1109 2599; x_wconf 92' lang='lat' dir='ltr'>ven·</span> 
     </span>
     <span class='ocr_line' id='line_1_29' title="bbox 156 2627 1111 2701; baseline -0.001 -18"><span class='ocrx_word' id='word_1_241' title='bbox 156 2629 230 2685; x_wconf 94' lang='lat' dir='ltr'>ditor</span> <span class='ocrx_word' id='word_1_242' title='bbox 244 2644 355 2683; x_wconf 90' lang='lat' dir='ltr'>securus</span> <span class='ocrx_word' id='word_1_243' title='bbox 372 2637 422 2683; x_wconf 89' lang='lat' dir='ltr'>est.</span> <span class='ocrx_word' id='word_1_244' title='bbox 453 2628 500 2682; x_wconf 90' lang='lat' dir='ltr'>sed</span> <span class='ocrx_word' id='word_1_245' title='bbox 515 2635 542 2682; x_wconf 92' lang='lat' dir='ltr'>et</span> <span class='ocrx_word' id='word_1_246' title='bbox 557 2628 579 2682; x_wconf 88' lang='lat' dir='ltr'>si</span> <span class='ocrx_word' id='word_1_247' title='bbox 594 2637 657 2699; x_wconf 93' lang='lat' dir='ltr'>post</span> <span class='ocrx_word' id='word_1_248' title='bbox 673 2630 835 2701; x_wconf 90' lang='lat' dir='ltr'>emptionem</span> <span class='ocrx_word' id='word_1_249' title='bbox 847 2627 931 2683; x_wconf 81' lang='lat' dir='ltr'>fundo</span> <span class='ocrx_word' id='word_1_250' title='bbox 947 2627 1048 2700; x_wconf 88' lang='lat' dir='ltr'>aliquid</span> <span class='ocrx_word' id='word_1_251' title='bbox 1062 2643 1111 2700; x_wconf 91' lang='lat' dir='ltr'>per</span> 
     </span>
     <span class='ocr_line' id='line_1_30' title="bbox 156 2710 1110 2784; baseline -0.001 -16"><span class='ocrx_word' id='word_1_252' title='bbox 156 2713 317 2768; x_wconf 84' lang='lat' dir='ltr'>alluvionem</span> <span class='ocrx_word' id='word_1_253' title='bbox 332 2713 461 2782; x_wconf 84' lang='lat' dir='ltr'>accessit,</span> <span class='ocrx_word' id='word_1_254' title='bbox 483 2710 515 2765; x_wconf 94' lang='lat' dir='ltr'>ad</span> <span class='ocrx_word' id='word_1_255' title='bbox 530 2713 659 2784; x_wconf 90' lang='lat' dir='ltr'>emptoris</span> <span class='ocrx_word' id='word_1_256' title='bbox 674 2712 842 2767; x_wconf 89' lang='lat' dir='ltr'>commodum</span> <span class='ocrx_word' id='word_1_257' title='bbox 857 2713 987 2784; x_wconf 89' lang='lat' dir='ltr'>pertinet:</span> <span class='ocrx_word' id='word_1_258' title='bbox 1009 2727 1067 2765; x_wconf 91' lang='lat' dir='ltr'>narn</span> <span class='ocrx_word' id='word_1_259' title='bbox 1083 2719 1110 2767; x_wconf 92' lang='lat' dir='ltr'>et</span> 
     </span>
     <span class='ocr_line' id='line_1_31' title="bbox 156 2793 1157 2868; baseline -0.004 -15"><span class='ocrx_word' id='word_1_260' title='bbox 156 2795 326 2853; x_wconf 88' lang='lat' dir='ltr'>commodum</span> <span class='ocrx_word' id='word_1_261' title='bbox 343 2798 400 2851; x_wconf 90' lang='lat' dir='ltr'>eius</span> <span class='ocrx_word' id='word_1_262' title='bbox 416 2811 474 2850; x_wconf 89' lang='lat' dir='ltr'>esse</span> <span class='ocrx_word' id='word_1_263' title='bbox 489 2794 578 2862; x_wconf 89' lang='lat' dir='ltr'>debet,</span> <span class='ocrx_word' id='word_1_264' title='bbox 593 2797 669 2852; x_wconf 91' lang='lat' dir='ltr'>cuius</span> <span class='ocrx_word' id='word_1_265' title='bbox 681 2796 829 2868; x_wconf 90' lang='lat' dir='ltr'>periculum</span> <span class='ocrx_word' id='word_1_266' title='bbox 844 2802 894 2850; x_wconf 93' lang='lat' dir='ltr'>est.</span> <span class='ocrx_word' id='word_1_267' title='bbox 915 2793 1017 2860; x_wconf 86' lang='lat' dir='ltr'>Quodsi</span> <span class='ocrx_word' id='word_1_268' title='bbox 1032 2794 1109 2867; x_wconf 79' lang='lat' dir='ltr'>iuge·</span> <span class='ocrx_word' id='word_1_269' title='bbox 1127 2801 1157 2849; x_wconf 74' lang='lat'>3³</span> 
     </span>
     <span class='ocr_line' id='line_1_32' title="bbox 156 2876 1110 2952; baseline -0.004 -16"><span class='ocrx_word' id='word_1_270' title='bbox 156 2881 192 2936; x_wconf 91' lang='lat' dir='ltr'>rit</span> <span class='ocrx_word' id='word_1_271' title='bbox 206 2880 305 2951; x_wconf 88' lang='lat' dir='ltr'>homo,</span> <span class='ocrx_word' id='word_1_272' title='bbox 321 2881 366 2952; x_wconf 91' lang='lat' dir='ltr'>qui</span> <span class='ocrx_word' id='word_1_273' title='bbox 381 2881 477 2949; x_wconf 82' lang='lat' dir='ltr'>veniit,</span> <span class='ocrx_word' id='word_1_274' title='bbox 494 2887 539 2934; x_wconf 91' lang='lat' dir='ltr'>aut</span> <span class='ocrx_word' id='word_1_275' title='bbox 554 2878 698 2952; x_wconf 91' lang='lat' dir='ltr'>subreptus</span> <span class='ocrx_word' id='word_1_276' title='bbox 717 2878 816 2949; x_wconf 83' lang='lat' dir='ltr'>fuerit,</span> <span class='ocrx_word' id='word_1_277' title='bbox 831 2880 867 2933; x_wconf 91' lang='lat' dir='ltr'>ita</span> <span class='ocrx_word' id='word_1_278' title='bbox 883 2887 913 2933; x_wconf 93' lang='lat' dir='ltr'>ut</span> <span class='ocrx_word' id='word_1_279' title='bbox 927 2893 1016 2950; x_wconf 88' lang='lat' dir='ltr'>neque</span> <span class='ocrx_word' id='word_1_280' title='bbox 1031 2876 1110 2933; x_wconf 90' lang='lat' dir='ltr'>dulus</span> 
     </span>
     <span class='ocr_line' id='line_1_33' title="bbox 156 2961 1110 3038; baseline -0.004 -18"><span class='ocrx_word' id='word_1_281' title='bbox 156 2981 245 3038; x_wconf 88' lang='lat' dir='ltr'>neque</span> <span class='ocrx_word' id='word_1_282' title='bbox 261 2963 340 3035; x_wconf 90' lang='lat' dir='ltr'>culpa</span> <span class='ocrx_word' id='word_1_283' title='bbox 354 2962 501 3019; x_wconf 89' lang='lat' dir='ltr'>venditoris</span> <span class='ocrx_word' id='word_1_284' title='bbox 515 2964 691 3028; x_wconf 88' lang='lat' dir='ltr'>interveniat,</span> <span class='ocrx_word' id='word_1_285' title='bbox 712 2961 972 3017; x_wconf 89' lang='lat' dir='ltr'>animadvertendum</span> <span class='ocrx_word' id='word_1_286' title='bbox 989 2963 1054 3035; x_wconf 84' lang='lat' dir='ltr'>erit,</span> <span class='ocrx_word' id='word_1_287' title='bbox 1076 2979 1110 3017; x_wconf 93' lang='lat' dir='ltr'>an</span> 
     </span>
     <span class='ocr_line' id='line_1_34' title="bbox 157 3046 1109 3120; baseline -0.005 -15"><span class='ocrx_word' id='word_1_288' title='bbox 157 3047 305 3105; x_wconf 88' lang='lat' dir='ltr'>custodiam</span> <span class='ocrx_word' id='word_1_289' title='bbox 321 3048 377 3102; x_wconf 90' lang='lat' dir='ltr'>eius</span> <span class='ocrx_word' id='word_1_290' title='bbox 393 3047 524 3119; x_wconf 91' lang='lat' dir='ltr'>usquead</span> <span class='ocrx_word' id='word_1_291' title='bbox 540 3046 710 3102; x_wconf 88' lang='lat' dir='ltr'>traditionem</span> <span class='ocrx_word' id='word_1_292' title='bbox 724 3046 848 3101; x_wconf 92' lang='lat' dir='ltr'>venditor</span> <span class='ocrx_word' id='word_1_293' title='bbox 862 3047 1020 3120; x_wconf 85' lang='lat' dir='ltr'>susceperit.</span> <span class='ocrx_word' id='word_1_294' title='bbox 1045 3062 1109 3101; x_wconf 88' lang='lat' dir='ltr'>sane</span> 
     </span>
     <span class='ocr_line' id='line_1_35' title="bbox 157 3129 1109 3204; baseline -0.004 -16"><span class='ocrx_word' id='word_1_295' title='bbox 157 3134 244 3202; x_wconf 82' lang='lat' dir='ltr'>euim,</span> <span class='ocrx_word' id='word_1_296' title='bbox 265 3132 287 3186; x_wconf 91' lang='lat' dir='ltr'>si</span> <span class='ocrx_word' id='word_1_297' title='bbox 302 3132 465 3204; x_wconf 83' lang='lat' dir='ltr'>susceperit,</span> <span class='ocrx_word' id='word_1_298' title='bbox 486 3129 518 3186; x_wconf 90' lang='lat' dir='ltr'>ad</span> <span class='ocrx_word' id='word_1_299' title='bbox 539 3131 623 3204; x_wconf 92' lang='lat' dir='ltr'>ipsius</span> <span class='ocrx_word' id='word_1_300' title='bbox 644 3129 791 3203; x_wconf 86' lang='lat' dir='ltr'>perieulum</span> <span class='ocrx_word' id='word_1_301' title='bbox 809 3131 833 3185; x_wconf 94' lang='lat' dir='ltr'>is</span> <span class='ocrx_word' id='word_1_302' title='bbox 849 3145 926 3186; x_wconf 89' lang='lat' dir='ltr'>casus</span> <span class='ocrx_word' id='word_1_303' title='bbox 941 3131 1071 3204; x_wconf 89' lang='lat' dir='ltr'>pertinet:</span> <span class='ocrx_word' id='word_1_304' title='bbox 1086 3131 1109 3185; x_wconf 90' lang='lat' dir='ltr'>si</span> 
     </span>
    </p>
   </div>
   <div class='ocr_carea' id='block_1_4' title="bbox 156 3342 1109 3545">
    <p class='ocr_par' dir='ltr' id='par_1_7' title="bbox 156 3342 1109 3545">
     <span class='ocr_line' id='line_1_36' title="bbox 226 3342 1109 3410; baseline 0 -16"><span class='ocrx_word' id='word_1_305' title='bbox 226 3342 245 3408; x_wconf 87' lang='lat'>1)</span> <span class='ocrx_word' id='word_1_306' title='bbox 264 3345 298 3394; x_wconf 90' lang='lat' dir='ltr'>ll.</span> <span class='ocrx_word' id='word_1_307' title='bbox 318 3346 345 3401; x_wconf 82' lang='grc' dir='ltr'>Ι,</span> <span class='ocrx_word' id='word_1_308' title='bbox 363 3347 413 3395; x_wconf 79' lang='grc'>472</span> <span class='ocrx_word' id='word_1_309' title='bbox 430 3361 483 3410; x_wconf 83' lang='lat' dir='ltr'>seq.</span> <span class='ocrx_word' id='word_1_310' title='bbox 569 3343 591 3407; x_wconf 78' lang='lat'>²)</span> <span class='ocrx_word' id='word_1_311' title='bbox 613 3344 724 3408; x_wconf 80' lang='lat' dir='ltr'>Tlteoplt.</span> <span class='ocrx_word' id='word_1_312' title='bbox 744 3351 769 3394; x_wconf 86' lang='lat' dir='ltr'>et</span> <span class='ocrx_word' id='word_1_313' title='bbox 787 3346 886 3409; x_wconf 84' lang='lat' dir='ltr'>quidam</span> <span class='ocrx_word' id='word_1_314' title='bbox 904 3344 977 3394; x_wconf 86' lang='lat' dir='ltr'>codd.</span> <span class='ocrx_word' id='word_1_315' title='bbox 996 3343 1058 3407; x_wconf 80' lang='lat' dir='ltr'>ipse</span> <span class='ocrx_word' id='word_1_316' title='bbox 1074 3359 1109 3394; x_wconf 83' lang='lat' dir='ltr'>eae</span> 
     </span>
     <span class='ocr_line' id='line_1_37' title="bbox 156 3409 1107 3477; baseline -0.002 -15"><span class='ocrx_word' id='word_1_317' title='bbox 156 3414 213 3462; x_wconf 81' lang='lat' dir='ltr'>otiu</span> <span class='ocrx_word' id='word_1_318' title='bbox 229 3413 304 3462; x_wconf 83' lang='lat' dir='ltr'>codd.</span> <span class='ocrx_word' id='word_1_319' title='bbox 322 3414 381 3463; x_wconf 84' lang='lat' dir='ltr'>edd.</span> <span class='ocrx_word' id='word_1_320' title='bbox 399 3412 471 3466; x_wconf 70' lang='lat' dir='ltr'>Scir.</span> <span class='ocrx_word' id='word_1_321' title='bbox 488 3419 514 3462; x_wconf 88' lang='lat' dir='ltr'>et</span> <span class='ocrx_word' id='word_1_322' title='bbox 530 3412 580 3462; x_wconf 83' lang='lat' dir='ltr'>Kr.</span> <span class='ocrx_word' id='word_1_323' title='bbox 650 3409 671 3474; x_wconf 80' lang='lat'>³)</span> <span class='ocrx_word' id='word_1_324' title='bbox 689 3411 723 3462; x_wconf 81' lang='lat' dir='ltr'>tt.</span> <span class='ocrx_word' id='word_1_325' title='bbox 740 3412 771 3474; x_wconf 81' lang='lat' dir='ltr'>t,</span> <span class='ocrx_word' id='word_1_326' title='bbox 790 3414 839 3463; x_wconf 75' lang='lat'>235</span> <span class='ocrx_word' id='word_1_327' title='bbox 856 3427 910 3477; x_wconf 85' lang='lat' dir='ltr'>seq.</span> <span class='ocrx_word' id='word_1_328' title='bbox 930 3412 965 3475; x_wconf 74' lang='lat' dir='ltr'>cf.</span> <span class='ocrx_word' id='word_1_329' title='bbox 983 3411 1015 3466; x_wconf 80' lang='lat' dir='ltr'>L.</span> <span class='ocrx_word' id='word_1_330' title='bbox 1035 3415 1057 3467; x_wconf 85' lang='lat'>1.</span> <span class='ocrx_word' id='word_1_331' title='bbox 1074 3412 1107 3460; x_wconf 85' lang='lat' dir='ltr'>D.</span> 
     </span>
     <span class='ocr_line' id='line_1_38' title="bbox 157 3479 506 3545; baseline -0.006 -16"><span class='ocrx_word' id='word_1_332' title='bbox 157 3481 378 3545; x_wconf 66' lang='lat' dir='ltr'>decoramentum.</span> <span class='ocrx_word' id='word_1_333' title='bbox 399 3479 450 3544; x_wconf 81' lang='lat'>(18,</span> <span class='ocrx_word' id='word_1_334' title='bbox 471 3480 506 3540; x_wconf 87' lang='lat'>1).</span> 
     </span>
    </p>
   </div>
   <div class='ocr_carea' id='block_1_5' title="bbox 0 0 1255 3890">
    <p class='ocr_par' dir='ltr' id='par_1_8' title="bbox 0 0 1255 3890">
     <span class='ocr_line' id='line_1_39' title="bbox 0 0 1255 3890; baseline 0 0"><span class='ocrx_word' id='word_1_335' title='bbox 0 0 1255 3890; x_wconf 95' lang='lat' dir='ltr'> </span> 
     </span>
    </p>
   </div>
  </div>
 </body>
</html>
