2500 3890
399 223 434 256 oa
453 221 690 258 sarssnrrrosrsos
706 209 757 270 IV,
779 212 818 260 ll.
973 223 980 234 ·
1022 209 1082 272 187

127 377 178 434 pro
199 377 248 415 sua
270 369 374 416 tantum
394 377 526 434 persona,
549 362 621 435 quod
641 364 667 417 in
688 357 803 418 iudicio¹
821 370 975 436 permaneat
995 380 1081 436 usque

127 445 160 500 ad
171 446 315 500 terminum
331 444 403 514 titis,
417 445 459 500 vel
475 448 651 501 committitur
666 463 729 501 suae
748 447 919 519 promissioni
935 463 995 502 cum
1011 448 1082 503 iure·

126 528 256 604 iurando,
278 545 356 601 quam
377 530 532 584 iuratoriam
548 531 699 586 cautionem
716 538 827 600 vocant,
849 531 890 586 vel
905 532 1002 586 nudam
1018 548 1081 605 pro·

126 613 281 667 missionem
301 611 343 666 vel
364 611 564 669 satisdationem
586 629 636 686 pro
652 613 777 685 qualitate
792 631 922 688 personae
937 632 1001 671 suae
1017 615 1080 670 dare

126 696 307 768 compellitur.
353 695 399 750 Sin
415 705 502 752 autom
522 713 571 770 per
585 705 787 769 procuratorem
803 697 837 752 lis
852 698 893 753 vel
908 698 1024 754 iniertur
1039 699 1078 754 vel
1097 697 1112 746 3

126 781 289 852 suscipitur,
312 780 338 834 in
354 781 452 835 actoris
468 780 574 852 quidem
589 797 719 852 persona⁷
742 782 763 835 si
778 797 833 835 uon
848 781 998 838 mandatum
1014 783 1079 838 actis

126 865 290 918 insinuatum
312 871 353 918 est
372 863 413 918 vel
434 880 558 935 praesens
579 863 702 918 dominus
722 863 777 919 litis
796 867 823 919 in
839 864 938 920 iudicio
953 882 1079 938 procura·

126 949 192 1002 toris
208 948 250 1002 sui
266 962 407 1019 personam
430 945 641 1018 confirmaverit,
664 956 747 1003 ratam
769 965 824 1002 rem
847 948 983 1003 dominum
1007 948 1079 1004 habi-

126 1040 217 1086 turum
228 1029 430 1085 satisdationem
443 1040 603 1103 procurator
613 1031 676 1086 darc
687 1031 865 1104 compellitur,
881 1031 975 1087 codem
988 1032 1080 1087 obser·

125 1113 210 1169 vando
227 1115 293 1169 etsi
315 1121 390 1168 tutor
410 1114 450 1168 vel
467 1122 577 1170 curator
598 1115 639 1170 vel
662 1115 727 1171 aliae
751 1115 818 1170 tales
841 1131 986 1188 personae,
1010 1132 1078 1188 quae

125 1199 273 1253 alienarum
288 1213 378 1252 rerum
394 1197 613 1270 gubernationem
632 1208 809 1272 receperunt,
831 1199 905 1254 litem
921 1198 1078 1272 quibusdam

124 1298 173 1356 per
193 1281 276 1336 alium
296 1281 424 1336 inierunt.
462 1281 507 1337 Sin
527 1299 590 1337 vero
613 1282 706 1353 aliquis
727 1285 902 1354 convenitur,
924 1284 946 1338 si
968 1283 1075 1355 quidem
1093 1285 1108 1330 4

125 1381 253 1438 praesens
272 1374 474 1436 procuratorem
496 1366 558 1420 dare
578 1375 686 1438 paratus
707 1375 762 1435 est,
785 1375 876 1438 potest
899 1366 941 1421 vel
966 1369 1023 1440 ipse
1050 1369 1078 1422 in

124 1448 254 1505 iudicium
273 1451 362 1503 venire
383 1457 410 1504 et
430 1450 472 1503 sui
492 1451 675 1521 procuratoris
696 1465 838 1522 personam
864 1465 913 1522 per
933 1450 1077 1505 iudicatum

124 1533 193 1588 solvi
210 1532 392 1587 satisdationis
407 1532 551 1587 sollemnes
569 1531 755 1604 stipulationes
769 1531 875 1587 firmare
891 1533 931 1587 vel
947 1541 1022 1588 extra
1036 1535 1077 1588 iu·

124 1616 223 1672 dicium
240 1615 440 1671 satisdationem
458 1632 602 1688 exponere,
617 1631 754 1689 perquam
766 1617 823 1689 ipse
840 1617 881 1670 sui
894 1617 1077 1689 procuratoris

124 1699 269 1755 fideiussor
277 1699 367 1754 existit
379 1716 427 1772 pro
441 1698 565 1754 omnibus
576 1699 721 1755 iudicatum
734 1699 801 1754 solvi
813 1696 993 1755 satisdationi's
1006 1700 1076 1756 clau·

123 1783 201 1839 sulis.
241 1781 285 1837 ubi
300 1791 327 1838 et
341 1782 375 1837 de
389 1783 540 1856 hypotheca
556 1800 663 1838 suarum
678 1801 767 1839 rerum
783 1786 924 1839 convenire
940 1784 1077 1857 compelli·

125 1877 187 1934 tur,
209 1868 265 1921 sive
279 1867 307 1921 in
322 1866 420 1921 iudicio
442 1869 596 1939 promiserit
611 1868 665 1923 sive
681 1876 753 1924 extra
769 1867 895 1923 iudicium
911 1871 1024 1939 caverit,
1048 1877 1078 1924 ut

124 1961 179 2006 tam
199 1952 258 2022 ipsc
278 1967 356 2021 quam
378 1950 491 2005 heredes
511 1951 569 2006 eius
592 1950 759 2024 obligentur:
781 1951 830 2006 alia
849 1953 960 2023 insuper
974 1953 1077 2007 cautela

124 2035 167 2091 vel
178 2033 354 2089 satisdatione
365 2042 477 2106 propter
486 2051 629 2106 personam
645 2037 729 2106 ipsius
741 2033 905 2107 exponenda,
922 2035 993 2106 quod
1010 2044 1076 2090 tem·

122 2202 239 2271 venerit,
255 2201 342 2255 omnia
354 2199 426 2256 dabit
435 2199 587 2270 fideiussor,
602 2216 670 2272 quac
681 2194 922 2255 condemnatione²
936 2202 1075 2255 continen-

123 2295 181 2358 tur,
196 2286 247 2339 nisi
262 2283 344 2338 luerit
363 2293 548 2356 provocatum.
578 2283 604 2339 Si
620 2301 683 2338 vero
699 2300 761 2339 rcus
777 2289 884 2355 praesto
901 2300 932 2338 es
949 2301 1074 2356 quacum·
1093 2289 1108 2335 5

123 2386 178 2442 que
197 2384 276 2423 causa
291 2384 345 2422 non
361 2367 442 2422 suerit
464 2377 490 2422 et
509 2368 576 2423 alius
597 2367 662 2423 velit
676 2366 858 2422 defensionem
874 2367 982 2439 subire,
1002 2368 1077 2424 nulla

123 2451 274 2510 differentia
293 2453 363 2506 inter
384 2453 501 2507 actiones
522 2453 548 2506 in
570 2467 626 2506 rem
648 2450 689 2505 vel
704 2451 859 2523 personales
873 2451 1076 2524 introducenda,

122 2543 216 2609 potest
237 2535 289 2590 hoc
309 2534 410 2604 iacere,
431 2536 467 2589 ita
489 2542 576 2589 tamen
591 2543 622 2590 ut
635 2534 835 2590 satisdationem
850 2536 994 2592 iudicatum
1009 2537 1075 2592 solvi

123 2637 173 2693 pro
189 2619 245 2673 litis
260 2625 379 2689 praestet
395 2620 587 2674 aestimatione.
618 2635 696 2674 uerno
712 2620 781 2673 enirn
796 2619 942 2674 secundum
957 2629 1075 2676 veterem

122 2703 260 2775 regulam,
282 2710 312 2755 ut
331 2703 382 2756 iarn
404 2701 574 2774 dictumest,
595 2704 695 2758 alienae
716 2704 754 2757 rei
769 2705 826 2757 sine
841 2703 1015 2758 satisdatione
1031 2704 1074 2758 de·

123 2787 219 2842 ionsor
232 2784 345 2840 idoneus
360 2785 536 2858 intellegitur.
573 2784 644 2852 Quae
659 2788 747 2841 omnia
762 2787 879 2858 apertius
895 2794 921 2840 et
935 2786 1074 2859 perlectis·
1092 2790 1108 2836 6

123 2873 190 2926 sime
207 2860 242 2924 e³
257 2868 403 2924 cottidiano
423 2869 581 2924 iudiciorum
598 2887 648 2926 usu
669 2871 695 2924 in
717 2870 781 2940 ipsis
802 2885 890 2923 rerum
907 2870 1074 2926 documentis

123 2960 264 3027 apparent.
294 2949 376 3017 Quam
402 2952 514 3006 lormam
536 2969 590 3008 non
608 2954 695 3009 solum
717 2953 744 3006 in
765 2952 813 3007 hac
827 2953 901 3025 regia
925 2952 1003 3023 urhe,
1026 2953 1106 3009 sedi

122 3047 151 3094 et
166 3040 194 3092 in
211 3033 336 3092 omnibus
352 3038 453 3091 nostris
471 3038 621 3108 provinciis,
639 3037 689 3091 etsi
700 3042 812 3108 propter
825 3037 982 3108 imperitiam
997 3037 1075 3093 aliter

191 3265 211 3331 ¹)
235 3265 264 3313 in
285 3265 385 3315 iudicio
408 3267 483 3314 codd.
506 3266 583 3326 inser.
609 3266 718 3330 Tteopt.
746 3265 844 3314 indicio
867 3268 941 3317 codd.
964 3275 1011 3316 aet.
1034 3269 1073 3322 ed.

125 3336 171 3386 Kr.
250 3329 273 3397 2)
291 3333 510 3382 condemnationi
528 3335 600 3386 codd.
618 3341 665 3382 cet.
685 3335 725 3382 ed.
743 3333 792 3382 Kr.
871 3333 891 3394 ³)
911 3325 942 3383 ἐκ
964 3334 1073 3398 Theopli.

122 3417 139 3452 e
161 3419 206 3452 ont
238 3409 291 3451 tres
317 3403 391 3453 codd.
416 3401 492 3462 inser.
516 3397 670 3462 (absorptum
693 3417 709 3450 a
730 3403 810 3450 cicino
837 3400 1037 3466 perfectissime)
1057 3419 1074 3453 c

123 3471 205 3519 ceteri
222 3470 295 3521 codd.
314 3470 372 3517 edd.
