2472 3896
141 192 235 244 XVIII
446 205 602 242 urruuonun
621 207 793 244 consessurus.

141 342 194 394 Tit.
213 342 253 394 VI
269 344 311 392 De
327 342 540 406 usucapionibus
558 348 585 393 et
601 343 676 408 longi
693 346 825 408 temporis
843 344 1072 409 possessionibus.

207 409 261 461 VII
278 410 319 458 ΒΘ
335 410 538 461 donationibus.

208 477 275 526 VIII
292 477 397 548 Quibus
415 475 533 527 aIIenare
550 477 613 527 lieet
631 478 676 527 vel
694 493 756 527 non.

207 543 247 593 IX
265 544 318 592 Per
335 559 404 608 quas
422 559 550 607 personas
567 546 648 594 nobis
665 545 826 609 adquiritur.

207 612 233 660 X
250 611 291 661 ΒΘ
308 614 482 662 testamentis
500 612 667 662 ordinandis.

208 677 247 726 XI
265 677 307 726 De
325 679 438 727 militari
455 683 628 729 testamento.

208 744 263 794 XII
281 746 386 807 Quibus
402 761 456 795 non
473 749 514 796 est
531 747 690 810 permissum
708 750 874 796 testamenta
891 747 987 798 Iacere.

208 812 277 861 XIII
294 815 334 863 De
351 813 556 863 exheredatione
574 813 728 864 liberorum.

208 879 273 929 XIV
291 880 332 929 De
349 879 492 934 heredibus
509 881 694 932 instituendis.

207 945 258 996 XV
274 946 315 996 De
333 947 440 1010 vulgari
459 947 660 1000 substitutione.

206 1012 271 1063 XVI
288 1014 328 1062 De
345 1013 473 1078 pupillari
490 1015 694 1066 substitutione.

206 1079 286 1130 XVII
303 1081 407 1142 Quibus
424 1082 510 1132 modis
527 1085 691 1132 testamenta
707 1080 883 1137 infirmantur.

206 1145 300 1197 XVIII
317 1148 357 1196 ΒΘ
375 1145 527 1199 inofficioso
546 1152 716 1199 testamento.

206 1214 273 1264 XIX
289 1214 331 1263 ΒΘ
347 1212 476 1264 heredum
494 1216 627 1279 qualitate
644 1221 670 1264 et
688 1214 846 1270 differentia.

206 1279 257 1329 XX
275 1280 316 1329 De
333 1280 443 1344 legatis.

206 1345 272 1396 XXI
288 1347 330 1396 ΒΘ
347 1348 519 1412 ademptione
536 1349 696 1414 legatorum.

1074 607 1090 638 l

206 1414 285 1464 XXII
302 1416 343 1464 De
361 1415 419 1480 lege
437 1415 568 1468 Falcidia.

205 1480 300 1531 XXIII
317 1482 357 1531 De
373 1480 628 1533 fideicommissariis
646 1483 851 1536 hereditatibus.

204 1548 294 1600 XXIV
310 1548 352 1598 De
368 1549 482 1612 siugulis
499 1552 581 1601 rebus
598 1565 646 1615 per
662 1549 894 1602 fideicommissum
912 1549 1024 1602 relictis.

206 1615 282 1666 XXV
299 1618 340 1665 De
359 1614 500 1668 codicillis.

472 1748 583 1799 LIBER
600 1748 762 1802 TERTIUS.

205 1849 218 1898 I
235 1850 277 1899 ΒΘ
295 1847 500 1911 hereditatibus,
518 1865 587 1914 quae
605 1850 639 1899 ab
657 1851 787 1900 intestato
806 1849 972 1900 deferuntur.

204 1916 232 1965 11
249 1915 289 1965 ΒΘ
306 1915 426 1979 legitima
445 1916 624 1980 adgnatorum
642 1918 823 1972 successione.

204 1983 247 2033 111
264 1984 306 2032 De
323 1984 560 2034 senatusconsulto
577 1983 756 2034 Tertulliano.

204 2051 243 2103 IV
259 2051 301 2100 De
319 2050 554 2101 senatusconsulto
573 2051 743 2115 Orphitiano.

202 2118 227 2168 V
244 2118 286 2166 De
303 2119 473 2168 successione
490 2122 672 2181 cognatorum.

202 2184 242 2234 VI
259 2186 300 2234 ΒΘ
318 2185 445 2248 gradibus
464 2186 646 2250 cognationis.

202 2251 256 2301 VII
273 2253 315 2301 ΒΘ
332 2255 503 2303 successione
521 2251 684 2302 libertorum.

202 2318 269 2368 VIII
287 2319 328 2368 De
347 2319 535 2383 adsignatione
552 2319 716 2369 libertorum.

203 2384 243 2434 IX
259 2384 301 2434 ΒΘ
318 2385 448 2435 bonorum
466 2387 694 2450 possessionibus.

201 2450 227 2498 X
244 2453 287 2502 De
306 2451 488 2518 adquisitione
507 2469 555 2517 per
572 2454 783 2516 adrogationem.

201 2517 241 2569 XI
258 2518 300 2568 ΒΘ
319 2534 360 2583 eo,
380 2520 425 2568 cui
441 2519 580 2570 libertatis
599 2535 681 2569 causa
697 2519 768 2568 bona
785 2517 953 2571 addicuntur.

200 2584 255 2636 Xll
272 2586 314 2636 ΒΘ
336 2588 553 2637 successionibus
575 2586 701 2647 sublatis,
725 2600 795 2649 quae
818 2584 916 2638 fiebant
937 2603 984 2654 per
1006 2587 1088 2637 bono-

284 2668 342 2703 rum
359 2654 542 2704 venditionem
564 2658 593 2704 et
615 2669 648 2702 ex
670 2654 909 2706 senatusconsulto
928 2653 1087 2705 Claudiano.

201 2720 271 2770 XIII
288 2720 330 2770 ΒΘ
349 2720 568 2783 obligationibus.

202 2787 266 2839 XIV
285 2788 390 2848 Quibus
407 2787 492 2837 modis
512 2803 539 2837 re
557 2785 725 2836 contrahitur
743 2785 883 2854 obligatio.

200 2853 251 2904 XV
269 2854 309 2904 De
325 2855 468 2906 verborum
485 2855 664 2918 obligatione.

200 2921 264 2971 XVI
281 2920 322 2970 ΒΘ
339 2921 442 2970 duobus
461 2923 512 2972 reis
531 2920 684 2985 stipulandi
701 2925 729 2970 et
746 2919 927 2986 promittendi.

200 2988 278 3039 XVII
295 2990 335 3037 De
354 2987 530 3052 stIpulatione
549 3002 697 3038 servorum.

199 3054 292 3104 XVIII
310 3056 352 3104 De
369 3053 502 3106 divisione
522 3055 734 3120 stipulationum,

198 3120 265 3170 XIX
283 3121 323 3171 ΒΘ
341 3122 486 3172 inutilibus
504 3122 738 3187 stipulationibus.

198 3189 249 3238 XX
266 3189 307 3237 De
324 3186 538 3240 fideiussoribus.

198 3253 263 3304 XXI
281 3256 322 3305 De
339 3255 489 3308 litterarum
508 3257 684 3321 obligatione.

199 3322 279 3372 XXII
297 3323 339 3372 ΒΘ
359 3339 495 3375 consensu
513 3325 691 3390 obligatione.

199 3386 293 3438 XXIII
310 3391 351 3439 ΒΘ
369 3392 502 3455 emptIone
520 3397 547 3441 et
564 3393 727 3442 venditione.

197 3455 288 3506 XXIV
304 3458 346 3506 De
363 3457 499 3509 locatione
518 3464 546 3508 et
564 3459 753 3509 conductione.
