2492 3896
130 155 171 218 92
282 173 317 207 on
336 170 606 208 rmencouumsanus
624 156 948 220 nassnrnarmue11,23.

130 313 219 368 minus
234 312 412 384 relinquatur,
428 310 514 367 solida
526 310 615 385 legata
627 310 769 368 debentur.
800 327 892 367 necea
904 326 946 366 res
957 308 1088 364 damnosa

131 405 174 452 est
193 395 302 467 heredi,
324 397 366 451 cui
386 394 500 451 liberum
515 402 557 450 est
577 411 633 450 non
652 394 725 450 adire
740 395 930 451 hereditatem:
952 409 1020 466 quae
1040 409 1087 448 res

131 479 229 550 elficit,
256 486 285 534 ut
300 494 410 534 necesse
425 480 461 534 sit
474 478 627 551 legatariis,
647 495 680 534 ne
696 479 826 535 destituto
842 485 1003 534 testamento
1018 477 1088 532 nihil

97 569 349 634 teonsequantur,
371 578 432 617 cum
453 561 552 618 herede
574 563 600 616 in
623 565 749 635 portione
769 563 874 636 pacisci.
910 559 975 616 Cum
995 569 1088 616 autem

130 647 198 701 ratio
213 645 282 719 legis
296 644 426 701 Falcidiae
440 647 567 718 ponitur,
583 653 645 702 ante
658 645 800 702 deducitur
814 661 859 701 aes
873 645 1006 716 alienum,
1020 647 1089 700 item

130 729 232 784 funeris
242 730 362 803 impensa
371 739 399 784 et
415 729 500 802 pretia
517 744 655 784 servorum
666 732 900 800 manumissorum,
914 737 979 784 tunc
989 727 1089 784 deinde

129 813 157 868 in
171 811 276 884 reliquo
291 813 328 868 ita
344 814 413 868 ratio
427 811 552 882 habetur,
567 820 598 867 ut
613 828 645 868 ex
656 828 689 868 eo
701 822 796 885 quarta
810 830 872 887 pars
887 812 958 884 apud
973 811 1090 868 heredes

130 903 281 967 remaneat,
297 905 353 952 tres
368 912 432 952 vero
447 903 536 969 partes
552 897 623 951 inter
636 895 783 969 legatarios
800 895 1013 964 distribuantur,
1034 912 1088 968 pro

130 989 187 1034 rata
202 980 304 1036 scilieet
318 981 444 1052 portione
460 980 534 1049 eius,
549 978 622 1050 quod
637 981 734 1051 cuique
749 996 842 1036 eorum
857 979 977 1053 legatum
992 978 1088 1035 luerit.

130 1064 221 1136 itaque
236 1065 259 1118 si
271 1061 415 1136 fingamus,
429 1061 641 1136 quadringentos
654 1079 750 1118 aureos
764 1063 871 1136 legatos
886 1079 945 1118 esse
960 1069 988 1118 et
1002 1063 1090 1134 patri-

131 1149 213 1202 monii
228 1147 415 1218 quantitatem,
430 1162 463 1201 ex
477 1162 529 1217 qua
544 1146 632 1220 legata
648 1147 755 1221 erogari
770 1154 889 1220 oportet,
905 1145 1090 1219 quadringen—

131 1238 221 1285 torum
231 1246 299 1300 esse,
312 1237 407 1300 quarta
417 1245 480 1302 pars
491 1229 605 1304 singulis
618 1230 754 1304 legatariis
765 1230 869 1286 detrahi
881 1229 971 1285 debet.
986 1229 1088 1301 quodsi

132 1323 267 1370 trecentos
282 1314 477 1387 quinquaginta
492 1313 596 1386 legatos
612 1312 754 1386 fingamus,
770 1323 861 1370 octava
876 1312 956 1368 debet
970 1312 1089 1368 detrahi.

131 1397 228 1470 quodsi
243 1398 409 1470 quingentos
424 1397 569 1470 legaverit,
588 1399 666 1454 initio
686 1399 794 1470 quinta,
814 1396 910 1452 deinde
930 1404 1024 1468 quarta
1040 1396 1090 1452 de·

130 1482 200 1536 trabi
216 1480 309 1538 debet:
325 1489 387 1536 ante
402 1481 472 1536 enim
487 1480 679 1536 detrabendum
695 1488 753 1552 est,
774 1481 847 1553 quod
863 1488 937 1536 entra
952 1479 1090 1536 bonorum

130 1566 305 1637 quantitatem
320 1572 373 1636 est,
388 1563 484 1620 deinde
497 1565 569 1636 quod
583 1581 614 1622 ex
628 1565 706 1620 bools
721 1563 792 1638 apud
806 1564 932 1620 heredem
947 1579 1091 1620 remanere

131 1655 253 1722 oportet.

527 1825 584 1866 'Hm
596 1825 686 1867 XXIII.

230 1925 281 1974 DE
296 1924 657 1988 FIDutcontmlssaltns
674 1924 984 1982 HEREDITATIBUS.

81 2077 116 2118 rr.
193 2064 268 2120 Nune
289 2071 456 2121 transeamus
477 2065 509 2122 ad
529 2063 741 2121 fideicommissa.
779 2072 807 2121 et
827 2066 904 2138 prius
919 2063 958 2120 de
977 2059 1091 2120 beredi-

133 2147 232 2204 tatibus
248 2146 501 2204 fideicommissariis
515 2147 658 2206 videamus.

99 2234 112 2278 1
195 2231 336 2286 Sciendum
351 2233 441 2303 itaque
457 2241 512 2304 est,
528 2232 616 2287 omnia
630 2231 834 2288 fideicommissa
849 2231 943 2304 primis
958 2232 1091 2304 tempori·

131 2315 182 2370 bus
198 2313 301 2369 infirma
317 2331 387 2384 esse,
402 2318 464 2388 quia
478 2332 557 2372 nemo
572 2315 671 2370 invitus
687 2313 834 2388 cogebatur
848 2322 985 2388 praestare
999 2314 1036 2386 id,
1052 2313 1091 2370 de

131 2413 186 2470 quo
206 2404 320 2470 rogatus
339 2407 412 2455 erat:
434 2397 532 2471 quibus
552 2399 621 2453 enim
642 2414 697 2453 non
718 2406 843 2470 poterant
861 2399 1023 2453 hereditates
1042 2397 1092 2454 vel

131 2481 221 2554 legata
236 2479 403 2553 relinquere,
425 2483 448 2537 si
462 2481 665 2553 relinquebant,
688 2479 750 2536 fidei
764 2481 967 2538 committebant
980 2497 1091 2553 eorum,

132 2564 178 2637 qui
194 2580 290 2637 capere
309 2581 340 2620 ex
362 2572 526 2620 testamento
541 2572 681 2638 poterant:
704 2573 731 2620 et
744 2563 806 2620 ideo
822 2562 1025 2620 fideicommissa
1040 2581 1092 2636 ap-

130 2647 231 2721 pellata
252 2656 331 2720 sunt,
358 2649 420 2719 quia
447 2648 522 2703 nullo
549 2647 655 2704 vinculo
677 2649 760 2722 iuris,
786 2647 833 2702 sed
856 2656 961 2704 tanturn
982 2647 1093 2721 pudore

131 2747 240 2802 eorum,
257 2732 304 2805 qui
317 2733 498 2804 rogabantur,
520 2730 735 2790 continebantur.
771 2739 865 2805 postea
886 2733 988 2805 primus
1009 2730 1092 2788 divus

131 2819 271 2889 Augustus
286 2814 369 2872 semel
383 2819 535 2888 iterumque
550 2817 634 2889 gratia
654 2831 828 2889 personarum
845 2823 950 2886 motus,
968 2814 1010 2870 vel
1024 2816 1094 2887 quia

130 2915 180 2973 per
199 2901 284 2973 ipsius
304 2899 419 2956 salutem
437 2907 551 2972 rogatus
572 2900 632 2970 quis
655 2898 805 2969 diceretur,
828 2907 874 2956 aut
897 2895 930 2954 ob
952 2899 1093 2971 insignem

131 2983 300 3055 quorundam
311 2983 449 3056 perfidiam
460 2984 539 3038 iussit
554 2981 709 3039 consulibus
720 2983 905 3038 auctoritatem
917 2998 991 3036 suam
1003 2984 1094 3037 iuter·

131 3083 244 3140 ponere.
276 3066 348 3139 quod
368 3069 429 3140 qnia
443 3068 545 3122 iustum
560 3065 698 3122 videbatur
714 3075 740 3122 et
755 3065 885 3140 populare
901 3073 973 3134 erat,
995 3065 1094 3138 paula-

131 3151 179 3206 tim
191 3167 351 3206 conversum
363 3152 442 3206 estin
455 3150 591 3206 adsiduam
608 3149 833 3206 iurisdictionem:
849 3157 997 3222 tantusque
1011 3147 1095 3206 lavor

130 3314 332 3322 —na—-——--

200 3410 219 3477 ¹)
238 3434 271 3454 =
291 3414 346 3466 aaa.
363 3415 393 3476 e,
411 3415 470 3463 ace.
487 3415 544 3465 aaa.
