2492 3896
165 158 210 223 '58
319 174 371 210 ras
388 171 454 216 onas
471 171 603 207 assecuta
620 171 703 207 soors
720 171 889 214 snourrurua
901 156 936 219 ll,
949 160 974 206 a.

170 314 343 372 defraudetur
364 320 408 381 et,
436 311 509 385 quod
531 311 641 367 honoris
668 313 692 367 ei
720 327 752 367 ex
775 312 985 384 emancipatione
1007 311 1147 370 additum

169 408 227 471 est,
250 396 322 472 quod
337 397 459 452 sulfuris
475 394 585 451 effectus
600 403 658 467 est,
679 395 732 451 hoc
745 411 795 468 per
809 410 899 451 rerum
915 395 1145 453 deminutionem

169 483 316 538 decrescat.
348 479 463 552 ideoque
485 481 643 551 statuimus,
663 485 695 534 ut
713 495 811 552 parens
828 495 878 552 pro
900 480 977 535 tertia
992 478 1144 536 bonorum

168 574 246 640 parte
261 564 387 633 dominii,
412 579 491 636 quam
510 565 628 619 retinere
647 571 769 636 poterat,
790 562 924 619 dimidiam
945 579 1000 618 non
1016 563 1143 621 dominii

169 665 275 717 rerum,
298 647 346 703 sed
366 645 537 703 ususfructus
557 648 685 702 retincat:
714 647 750 702 ita
770 648 869 702 etenim
891 657 918 703 et
940 663 985 702 res
1010 648 1141 706 intactae

170 731 240 805 apud
255 729 338 787 filium
353 729 529 787 remanebunt
544 738 571 786 et
585 740 664 803 pater
678 731 806 804 ampliore
817 747 920 786 summa
935 731 1060 804 fructur,
1080 750 1140 807 pro

123 823 152 873 13
170 817 251 872 tertia
271 813 378 871 dimidia
398 816 546 889 potiturus.
580 808 661 870 ¹ltem
682 814 757 870 vobis
779 813 942 886 adquiritur,
962 815 1037 888 quod
1059 817 1140 873 servi

169 901 251 956 vestri
273 916 305 956 es
326 899 469 956 traditione
487 899 680 955 nanciscuntur
701 900 756 953 sive
777 897 841 970 quid
855 898 1022 973 stipulentur
1037 901 1085 956 vel
1102 917 1139 956 ex

169 983 287 1056 qualibet
301 983 352 1040 alia
366 999 446 1040 causa
461 983 617 1056 adquirunt.
653 983 706 1038 hoo
720 983 789 1038 enim
805 981 881 1038 vobis
896 990 924 1038 et
938 983 1137 1057 ignorantibus

169 1077 197 1124 et
211 1069 300 1124 Invitis
316 1067 434 1127 obvenit.
471 1068 529 1140 ipse
544 1067 615 1122 enlm
630 1082 740 1136 servus,
760 1068 806 1137 qui
822 1067 849 1121 in
865 1074 1002 1140 potestate
1015 1066 1136 1124 alterius

169 1160 220 1220 est,
235 1149 303 1207 nihil
318 1166 396 1205 suum
411 1149 509 1205 habere
524 1157 625 1222 potest.
654 1149 702 1206 scd
717 1150 741 1204 si
757 1149 834 1206 heres
849 1151 989 1207 institutus
1004 1151 1058 1222 sit,
1075 1168 1136 1207 non

170 1234 234 1290 alias
249 1234 301 1289 ulsi
315 1235 393 1288 iussu
404 1242 494 1289 vestro
507 1232 682 1289 hereditatem
694 1232 765 1288 adlrc
776 1243 881 1308 potest:
899 1241 926 1290 et
938 1234 960 1290 sf
972 1233 1134 1290 lubentibus

164 1316 245 1378 ,vobis
260 1317 370 1386 adierit,
386 1315 460 1373 vohis
475 1316 610 1373 hereditas
626 1317 785 1390 adquiritur,
802 1315 912 1390 perinde
927 1333 958 1374 ac
972 1317 995 1371 sl
1011 1333 1061 1372 vos
1077 1319 1134 1391 ipsi

170 1399 283 1457 heredes
298 1402 415 1457 instituti
430 1403 537 1458 essetis.
575 1410 603 1458 et
617 1402 808 1458 convenienter
825 1399 929 1456 scillcet
944 1399 1065 1474 legatum
1081 1418 1135 1476 per

171 1501 218 1542 eos
240 1485 315 1542 vobis
337 1485 497 1559 adquiritur.
533 1500 589 1541 non
611 1485 700 1541 solum
721 1492 809 1540 autern
824 1485 976 1557 proprietas
996 1498 1046 1556 per
1071 1501 1132 1557 eos,

171 1587 240 1644 quos
255 1573 283 1625 in
297 1577 433 1643 potestate
448 1568 568 1640 hahetis,
584 1568 734 1642 adquiritur
748 1566 836 1632 vobis,
860 1567 906 1622 sed
923 1569 1002 1623 ctiam
1017 1584 1133 1641 posses-

171 1655 227 1710 sio:
243 1655 434 1724 cuiuscumque
445 1653 515 1707 euim
530 1654 569 1708 rei
584 1653 783 1726 possessionem
799 1651 889 1724 adepti
903 1650 1020 1721 fuerint,
1037 1652 1066 1707 fd
1081 1669 1133 1708 vos

171 1735 311 1811 possidere
331 1734 465 1792 videmini.
504 1734 574 1790 uude
597 1737 676 1792 etiam
697 1752 746 1809 per
766 1751 813 1791 eos
836 1736 964 1808 usucapio
987 1733 1029 1790 vel
1051 1734 1134 1810 longi

137 1818 155 1866 4
173 1820 302 1892 temporis
317 1820 455 1892 possessio
468 1817 541 1874 vohis
557 1819 667 1874 accedit.
702 1821 737 1876 lle
752 1820 792 1874 hls
808 1827 897 1874 autem
913 1820 1008 1891 servis,
1023 1820 1051 1874 in
1069 1821 1132 1894 qui-

172 1902 223 1958 bus
238 1909 343 1958 tanturn
358 1901 556 1959 usumfructum
571 1900 690 1974 hahetis,
705 1905 742 1959 ita
756 1903 867 1975 placuit,
883 1910 930 1974 ut,
947 1902 1082 1976 quidquid
1098 1921 1130 1960 ex

171 2003 201 2043 re
222 1995 311 2043 vestra
332 1986 374 2043 vcl
396 2002 428 2042 ex
451 1985 577 2060 operibus
600 1987 655 2042 suis
676 1986 825 2058 adquirant,
847 1985 875 2041 id
894 1985 970 2043 vobis
986 1987 1129 2060 adiciatur,

171 2071 245 2144 quod
259 2087 322 2127 vero
338 2079 411 2126 extra
423 2086 468 2126 cas
481 2087 573 2127 causas
585 2071 720 2144 persecuti
734 2078 807 2139 sunt,
821 2069 849 2125 id
863 2070 895 2125 ad
911 2069 1049 2126 dominum
1063 2089 1130 2144 pro·

171 2157 293 2230 prietatis
303 2157 446 2228 pertineat.
475 2156 567 2228 itaque
579 2156 602 2210 si
613 2156 636 2210 is
647 2171 740 2210 servus
755 2153 833 2210 heres
848 2155 989 2210 institutus
1005 2155 1042 2209 sit
1053 2154 1128 2230 lega-

172 2247 262 2294 tumne
278 2239 341 2312 quid
356 2241 381 2295 ei
400 2247 445 2295 aut
457 2239 583 2295 donatum
596 2238 692 2308 fuerit,
713 2253 768 2294 non
784 2237 999 2310 usufructuario,
1014 2238 1063 2293 sed
1080 2239 1128 2296 do-

172 2323 245 2377 mino
253 2324 426 2396 proprietatis
438 2323 597 2395 adquiritur.
628 2322 698 2378 idem
709 2321 797 2394 placet
811 2330 839 2378 et
854 2322 886 2378 de
900 2338 942 2392 eo,
961 2323 1007 2394 qui
1021 2338 1037 2376 a
1052 2322 1128 2380 vobis

172 2403 242 2460 hona
258 2405 310 2461 fide
325 2404 490 2478 possidetur,
505 2407 561 2461 sive
574 2407 597 2461 is
609 2405 676 2461 liber
691 2407 726 2461 sit
741 2407 797 2462 sive
810 2406 911 2462 alienus
927 2422 1037 2474 servus;
1055 2407 1129 2479 quod

173 2488 244 2544 enirn
266 2488 367 2561 placuit
388 2487 421 2542 dc
443 2488 655 2559 usufructuario,
677 2489 747 2545 idem
769 2490 858 2563 placet
879 2498 906 2545 ct
928 2489 962 2546 de
982 2488 1053 2545 bona
1075 2489 1129 2546 tide

172 2587 340 2645 possessore.
377 2572 468 2644 itaque
491 2572 564 2646 quod
586 2581 660 2630 extra
683 2573 747 2628 duas
762 2575 826 2628 istas
852 2589 944 2630 causas
968 2573 1128 2648 adquiritur,

171 2654 200 2711 id
214 2655 256 2710 vel
272 2653 303 2710 ad
320 2654 407 2728 ipsum
422 2656 555 2731 pertinet,
570 2658 592 2712 si
607 2656 749 2729 liberast,
764 2656 805 2712 vel
820 2656 852 2711 ad
867 2655 1015 2722 domiuum,
1032 2659 1055 2713 si
1071 2675 1129 2714 ser·

172 2755 221 2795 vus
241 2747 294 2796 cst.
330 2739 377 2794 sed
398 2737 483 2796 borrae
504 2737 565 2796 fidei
583 2757 726 2814 possessor
746 2756 805 2796 cum
830 2742 984 2813 usuceperit
1010 2757 1128 2812 servum,

173 2824 234 2896 quia
256 2839 289 2879 eo
312 2824 392 2880 modo
415 2824 538 2880 dominus
560 2822 600 2894 fir,
623 2841 656 2880 et
678 2822 799 2880 omnibus
815 2825 902 2880 causis
923 2841 973 2897 per
993 2841 1054 2880 eum
1075 2825 1128 2882 sibi

172 2907 315 2980 adquirere
329 2915 435 2980 potest:
456 2907 620 2964 fructuarius
636 2923 699 2964 vero
715 2922 861 2980 usucapere
876 2923 932 2963 uon
947 2916 1051 2981 potest,
1073 2912 1128 2984 pri·

172 3006 245 3045 mum
260 2993 322 3063 quia
336 3008 391 3048 non
405 2991 543 3065 possidet,
564 2989 612 3046 scd
633 2989 775 3046 hebetius
796 2991 1011 3064 utendlfrucudi,
1034 2993 1128 3049 deinde

173 3075 313 3146 quiescit,
335 3091 442 3130 servum
456 3075 571 3130 alienum
592 3090 662 3131 csse.
699 3090 753 3130 nou
768 3073 856 3130 solum
871 3085 961 3133 autem
977 3079 1127 3150 proprietas

172 3174 220 3231 per
236 3174 283 3214 eos
298 3174 405 3229 servos,
420 3160 446 3215 in
468 3158 566 3231 quibus
580 3157 776 3214 usumfructum
792 3157 896 3214 habetis
913 3158 954 3215 vel
975 3176 1043 3233 quos
1058 3159 1127 3216 bona

173 3287 374 3296 ——-—-——.

242 3351 261 3415 1)
279 3353 319 3413 ἐξ.
337 3356 362 3404 3.
380 3355 404 3408 4.
423 3358 448 3402 et
465 3353 659 3418 5...edquiri
681 3367 761 3418 posse
776 3353 834 3416 fere
851 3375 885 3396 =
905 3355 959 3404 Gai.
979 3358 1008 3416 2,
1026 3357 1067 3406 87.
1084 3356 1125 3406 89.
1206 3389 1207 3404 r

173 3419 322 3470 ot...oa.
340 3419 370 3472 L.
390 3422 430 3472 10.
447 3419 619 3480 §s.1...s.
639 3421 670 3469 u.
688 3423 720 3471 ae
738 3435 795 3484 aeq.
812 3435 865 3470 rer.
884 3423 948 3474 rom.
969 3420 1024 3485 (tt,
1044 3421 1077 3484 1).
1206 3405 1207 3446 l
