2492 3896
238 259 273 292 nu
292 257 422 295 nuruum
440 258 588 321 curtirias
607 261 641 296 ur
658 261 842 298 ornumornum
859 249 895 311 Π,
915 249 954 298 19.
1032 245 1071 308 81

121 397 240 454 adeunda
261 397 408 455 hereditate
428 399 470 454 vel
492 416 546 455 nun
562 400 690 457 adeunda.
726 402 775 458 sed
796 403 906 474 niveis,
926 403 968 459 cui
990 400 1073 457 absti-

121 481 199 538 nendi
214 490 334 555 potestas
350 490 408 552 est,
428 483 603 540 immiscuerit
617 501 647 540 se
662 483 739 540 bonis
755 486 941 562 hereditariis,
957 487 1011 541 sive
1027 501 1071 540 ex·

121 578 245 636 tianeus,
267 566 308 622 cui
330 565 365 620 de
387 566 507 623 adeunda
528 568 675 624 hereditate
697 568 844 625 deliberare
865 569 943 641 licet,
966 569 1070 639 adierit,

119 657 212 723 postea
218 648 409 722 relinquendae
422 649 578 707 hereditatis
590 650 744 708 facultatem
756 653 910 723 nonhabet,
922 654 973 708 nisi
984 653 1073 709 minor

119 735 155 789 sit
177 734 367 806 annisviginti
388 735 520 807 quinque:
543 751 604 790 nam
623 735 703 791 huius
724 737 819 791 aetatis
834 735 986 792 hominibus
1001 737 1071 792 sicut

117 819 144 872 iu
156 818 254 872 ceteris
270 815 393 872 omnibus
413 819 499 873 causis
515 815 651 892 deceptis,
671 820 707 874 ita
722 826 750 875 et
764 821 787 874 si
802 827 903 876 temere
918 818 1070 874 damnosam

118 900 294 956 hereditatem
310 903 493 973 susceperint,
513 909 622 975 praetor
641 903 783 960 succurrit.
827 902 970 959 Sciendum
985 911 1104 959 umenti

118 991 176 1056 est,
203 984 292 1039 divum
322 983 481 1040 Hadrianum
509 988 589 1040 etiam
616 989 708 1042 maiori
734 985 828 1061 viginti
852 987 969 1059 quinque
995 987 1070 1041 annis

117 1069 220 1124 veniam
236 1066 357 1139 dedisse,
379 1084 438 1124 cum
453 1076 516 1141 post
530 1069 626 1124 aditam
643 1070 815 1126 hereditatem
831 1070 933 1144 grande
948 1085 993 1124 aes
1008 1069 1072 1124 alie-

116 1167 193 1221 num,
209 1150 282 1224 quod
298 1150 385 1206 aditae
399 1151 554 1207 hereditatis
572 1161 692 1227 ternpore
707 1152 817 1226 latebat,
832 1154 995 1211 emersisset.
1024 1151 1072 1207 sed

117 1236 171 1291 hoc
191 1234 267 1290 divus
289 1233 396 1306 quidem
415 1233 562 1292 Hadrianus
582 1238 690 1311 speciali
717 1237 849 1294 beneficio
870 1238 974 1293 cuidam
993 1252 1071 1310 prae·

117 1319 203 1392 stitit3
225 1317 302 1373 divus
324 1327 413 1373 autem
428 1319 574 1375 Gordianus
590 1330 683 1394 postea
701 1322 729 1376 in
745 1321 871 1377 militibus
886 1319 1071 1377 tantummodo

116 1403 172 1459 hoc
186 1401 321 1458 extendit:
343 1402 390 1456 sed
405 1409 498 1458 nostra
511 1403 697 1460 benevolentia
712 1420 853 1460 commune
869 1402 991 1459 omnibus
1006 1403 1069 1458 sub-
1083 1407 1120 1476 (u)

115 1487 196 1543 lectis
211 1486 324 1558 imperio
339 1494 435 1541 nostro
457 1487 509 1542 hoe
529 1489 672 1560 praestavit
686 1485 844 1543 beneficium
859 1493 887 1542 et
902 1487 1072 1542 constitutio·

116 1561 199 1626 uem¹
217 1576 269 1623 tam
284 1571 467 1640 aequissimam
483 1586 562 1642 quam
583 1570 699 1626 nobilem
715 1570 836 1643 scripsit,
859 1571 934 1626 cuius
950 1577 1071 1624 tenorem

116 1655 140 1709 si
156 1651 360 1708 observaverint
373 1652 505 1725 homines,
520 1654 583 1709 licet
598 1656 635 1709 eis
651 1653 725 1710 adire
739 1654 914 1710 hereditatem
929 1660 957 1708 et
971 1653 998 1707 in
1013 1661 1071 1708 tau·

117 1746 178 1794 tum
193 1737 296 1805 teneri,
311 1737 345 1791 in
365 1746 493 1810 quantum
513 1737 602 1794 valere
623 1737 690 1793 bona
706 1738 863 1794 hereditatis
879 1738 1026 1810 contingit,
1041 1743 1072 1792 ut

117 1838 151 1877 ex
163 1816 215 1876 bac
226 1835 305 1875 causa
317 1836 405 1891 neque
416 1819 615 1876 deliberationis
627 1822 752 1877 auxilium
767 1823 805 1877 eis
822 1821 868 1876 liat
882 1822 1070 1892 necessarium,

117 1904 171 1960 uisi
187 1905 285 1959 omissa
300 1902 486 1960 observatione
497 1914 605 1960 nostrae
618 1907 817 1962 constitutionis
829 1913 855 1960 et
872 1904 1071 1960 deliberandum

116 1988 326 2045 existimaverint
341 1995 369 2042 et
383 2003 442 2043 sese
457 1990 541 2044 veteri
556 1991 698 2062 gravamini
713 1988 837 2045 editionis
852 2004 1004 2060 supponere
1019 2003 1071 2041 ma·

116 2072 230 2128 luerint.
260 2063 345 2125 ²ltem
365 2079 507 2127 extraneus
529 2073 622 2143 heres,
644 2080 803 2127 testamento
823 2073 963 2127 institutus
978 2077 1024 2124 aut
1039 2068 1070 2123 ab
1089 2081 1105 2128 ‘l

116 2157 248 2212 intestato
271 2153 303 2208 ad
324 2153 468 2226 legitimam
490 2155 665 2211 hereditatem
687 2165 811 2225 vocatus,
838 2161 930 2227 potest
953 2161 999 2209 aut
1020 2168 1069 2225 pro

116 2237 219 2295 herede
232 2235 353 2310 gerendo
372 2237 414 2293 vel
429 2241 508 2294 etiam
523 2237 592 2293 nuda
610 2239 748 2294 voluntate
768 2238 951 2310 suscipiendae
965 2236 1071 2292 heredi·

117 2322 183 2378 tatis
205 2322 284 2376 heres
307 2319 374 2376 fieri.
404 2338 455 2394 pro
475 2322 574 2378 herede
596 2330 684 2377 autem
706 2337 803 2396 gerere
825 2323 884 2394 quis
906 2321 1026 2393 videtur,
1048 2321 1072 2375 si

117 2405 200 2461 rebus
216 2404 383 2460 hereditariis
405 2414 537 2478 tamquam
553 2406 630 2460 heres
646 2413 738 2460 utatur
752 2405 793 2460 vel
813 2405 952 2460 vendendo
968 2422 1011 2461 res
1026 2406 1071 2460 he·

117 2488 258 2545 reditarlas
278 2496 324 2543 ant
341 2487 447 2560 praedia
463 2488 576 2544 colendo
592 2489 737 2550 locandove
757 2498 784 2544 et
805 2489 1028 2563 quoquomodo,
1048 2491 1071 2544 si

116 2571 284 2628 voluntatem
306 2587 380 2626 suam
401 2571 518 2628 declaret
540 2572 582 2628 vel
602 2589 631 2628 re
654 2573 694 2628 vel
713 2572 799 2628 verbis
815 2573 848 2628 de
862 2574 982 2629 adeunda
996 2573 1072 2628 here-

118 2658 217 2727 ditate,
232 2654 377 2710 dummodo
392 2657 474 2727 sciat,
490 2672 566 2729 eum,
586 2659 612 2711 in
628 2658 703 2712 cuius
718 2655 795 2712 bonis
811 2675 860 2730 pro
876 2657 974 2712 herede
990 2659 1071 2728 gerit,

119 2748 219 2796 testato
234 2739 394 2794 intestatove
410 2739 508 2794 obiisse
523 2748 593 2807 etse
613 2741 637 2795 ei
657 2741 780 2796 heredem
796 2757 865 2796 esse.
910 2757 959 2813 pro
974 2738 1072 2793 herede

119 2824 189 2879 euim
205 2837 302 2894 gerere
317 2829 359 2877 est
372 2839 422 2896 pro
438 2822 547 2878 domino
563 2840 672 2896 gerere:
693 2833 795 2879 veteres
810 2824 879 2878 enim
895 2821 1007 2877 heredes
1022 2837 1071 2893 pro

119 2907 235 2962 dorniuis
256 2905 432 2977 appellabant.
478 2900 568 2962 ³sicut
589 2917 676 2963 autem
692 2908 761 2963 nuda
777 2906 913 2960 voluntate
929 2901 1071 2959 extraneus

118 2992 200 3046 heres
215 2988 258 3059 lit,
282 2989 319 3044 ita
335 2998 362 3044 et
377 2992 509 3046 contraria
524 2990 702 3046 destinatione
717 2991 806 3045 statim
822 2989 853 3044 ab
868 2987 1015 3043 hereditate
1030 3004 1071 3042 re·

116 3073 237 3148 pellitur.
283 3088 362 3143 eum,
387 3075 432 3145 qui
455 3082 546 3129 mutus
567 3075 610 3129 vel
632 3074 729 3129 surdus
751 3081 829 3128 natus
853 3079 894 3127 est
916 3071 956 3126 vel
978 3079 1071 3144 postea

117 3158 222 3227 lactus,
242 3156 309 3211 nibil
325 3155 450 3229 prohibet
470 3173 519 3230 pro
540 3157 639 3212 herede
654 3173 749 3230 gerere
764 3164 792 3212 et
805 3157 944 3230 adquirere
960 3155 1010 3211 sibi
1026 3156 1072 3212 he·
1115 3174 1117 3178 ’

116 3240 275 3311 reditatem,
290 3241 312 3294 si
328 3248 417 3296 tamen
432 3241 582 3314 intellegit,
598 3240 669 3314 quod
684 3241 783 3314 agitur.

186 3436 208 3502 ι)
225 3438 258 3487 L.
275 3438 317 3486 22.
336 3437 362 3486 0.
383 3438 413 3486 de
431 3438 447 3486 ἱ.
466 3437 539 3486 delib.
559 3435 598 3503 (6,
617 3435 669 3498 30).
737 3433 758 3498 ²)
776 3438 830 3487 init.
849 3458 882 3478 =
901 3436 955 3487 Gai.
974 3439 1004 3502 2,
1024 3439 1072 3490 tut

115 3511 176 3558 mut.
246 3501 266 3568 8)
286 3503 480 3568 ...repellitur
496 3506 552 3565 sere
570 3525 604 3546 =
623 3505 677 3554 Gai.
697 3504 729 3564 2,
747 3505 803 3553 tut.

150 3600 302 3640 moriuntur
321 3601 519 3638 rusurrvriornrs.
905 3587 921 3635 6
