2492 3896
477 239 512 272 ns
530 237 646 274 nnosnrs
663 224 703 288 Il,
721 227 762 276 20.
1056 223 1097 288 83

135 380 260 452 cognita,
281 378 356 434 lacile
377 379 482 450 possint
502 379 705 452 permixtionem
728 393 821 434 eorum
837 379 934 435 eruditi
948 379 1097 453 suptiliori-

134 463 193 518 bus
208 461 315 516 auribus
331 463 460 534 accipere.

204 546 264 601 Non
279 545 366 600 solum
382 553 470 600 autem
487 547 624 600 testatoris
640 545 681 601 vel
697 545 802 601 heredis
825 562 884 612 res,
906 545 954 602 sed
969 555 996 602 et
1010 546 1095 602 aliena
1113 553 1129 602 4

135 631 228 702 legari
248 638 350 701 potest:
372 630 406 684 ita
422 637 452 683 ut
467 629 546 684 bores
566 637 681 702 cogatur
700 629 831 684 redimere
846 646 903 685 eam
919 640 946 686 et
960 639 1096 703 praestare

136 713 202 782 vel,
224 714 247 767 si
262 729 316 768 oon
332 720 423 784 potest
442 712 587 784 redimere,
609 714 818 768 aestimationem
839 714 895 768 eius
911 713 983 770 dare.
1011 714 1059 770 sed
1074 715 1097 768 si

137 797 203 852 talis
219 811 262 851 res
277 797 328 868 sit,
350 797 426 851 euius
447 812 501 850 non
522 804 564 851 est
584 797 789 864 commercium,
812 812 862 851 nec
876 798 1023 852 aestimatio
1038 799 1096 853 eius

137 880 267 949 debetur,
290 881 369 935 sicuti
389 881 411 935 si
433 895 554 952 campum
569 879 692 935 llartium
711 879 753 935 vel
768 872 920 934 basilicam²
942 879 983 936 vel
998 880 1096 954 templa

136 963 185 1018 vel
207 979 274 1034 quae
294 962 401 1035 publico
423 963 484 1018 usui
506 962 637 1018 destinata
651 971 730 1032 sunt,
754 962 898 1036 legaverit:
921 980 981 1018 nam
996 964 1096 1019 nullius

138 1049 271 1102 momenti
286 1047 404 1118 legatum
420 1053 470 1103 est.
501 1046 572 1118 quod
582 1055 669 1102 autem
679 1047 803 1118 diximus,
818 1045 928 1101 alienam
943 1063 1000 1102 rem
1014 1063 1095 1120 posse

136 1132 239 1204 legari,
254 1131 289 1186 ita
302 1129 512 1202 intellegendum
529 1138 578 1199 est,
595 1132 617 1186 si
633 1131 775 1187 defunctus
787 1128 899 1201 sciebat,
914 1131 1025 1186 alienam
1039 1146 1096 1185 rem

138 1230 213 1283 esse,
230 1228 283 1268 nou
293 1220 321 1268 et
331 1215 353 1268 sl
364 1213 521 1286 ignorabat3
537 1213 648 1269 iorsitan
658 1216 738 1280 enim,
754 1216 777 1269 si
792 1215 889 1270 scisset
904 1213 1024 1284 alienam,
1041 1231 1095 1270 non

137 1299 279 1370 legasset.-
299 1299 380 1351 etita
402 1296 478 1351 divus
494 1297 556 1352 Pius
576 1291 747 1370 rescripsit.²
784 1306 811 1353 et
825 1299 913 1353 verius
928 1307 986 1371 est,
1008 1301 1095 1372 ipsum

140 1383 189 1454 qui
205 1382 277 1453 agit,
299 1380 326 1435 id
341 1388 383 1436 est
397 1381 570 1454 legatarium,
591 1381 707 1454 probare
722 1389 866 1454 oportere,
886 1384 970 1437 scisse
984 1382 1094 1437 alienam

139 1481 201 1520 rem
217 1465 307 1536 legare
323 1464 495 1534 defunctum,
515 1479 569 1519 non
585 1463 710 1519 heredem
726 1463 839 1536 probare
856 1472 996 1536 oportere,
1017 1466 1095 1536 igno·

140 1565 217 1604 rasse
229 1548 351 1617 alienam,
364 1549 424 1620 quia
437 1563 543 1620 semper
554 1549 699 1603 necessitas
710 1546 837 1620 probandi
850 1547 979 1602 incumbit
989 1548 1037 1616 illi,
1050 1549 1095 1620 qui

139 1633 207 1704 agit.
237 1630 289 1686 Sed
301 1641 327 1687 et
339 1632 360 1686 si
372 1647 428 1686 rem
440 1630 583 1702 obligatam
595 1630 722 1686 creditori
731 1631 826 1702 aliquis
838 1629 975 1701 legaverit,
986 1647 1094 1687 necesse
1112 1640 1128 1688 ὅ

140 1715 225 1771 habet
244 1716 323 1771 heres
339 1714 422 1770 luere.
454 1723 480 1770 et
496 1715 548 1770 boc
567 1730 674 1787 quoque
694 1731 757 1770 casu
774 1714 842 1769 idem
858 1713 960 1786 placet,
981 1714 1052 1787 quod
1067 1716 1094 1770 in

140 1815 173 1854 re
188 1799 288 1868 aliena,
312 1808 340 1853 ut
356 1800 392 1853 ita
407 1798 512 1853 demum
527 1797 603 1853 luere
617 1814 726 1854 necesse
741 1797 835 1853 habeat
850 1797 942 1870 beros,
957 1801 980 1854 si
995 1798 1095 1856 sciebat

142 1883 301 1952 defunctus,
323 1899 379 1938 rem
397 1880 538 1953 obligatam
559 1898 631 1938 esse:
653 1890 680 1938 et
695 1884 730 1938 ita
746 1882 797 1938 divi
813 1881 926 1937 Severus
942 1892 969 1938 et
983 1884 1095 1939 Antoni·

142 1983 194 2022 nus
209 1967 415 2038 rescripserunt.
445 1967 468 2021 si
483 1974 570 2020 tamen
586 1965 727 2022 deiunotus
742 1965 827 2020 voluit
847 1964 1003 2038 legatarium
1019 1967 1095 2022 luere

142 2058 172 2104 et
186 2050 236 2104 boc
252 2051 399 2121 expressit,
416 2064 471 2103 non
485 2048 565 2104 debet
579 2049 657 2104 beres
672 2065 730 2104 eam
743 2048 828 2104 luere.
858 2048 885 2103 Si
900 2067 943 2103 res
959 2049 1041 2104 aliena
1058 2048 1093 2104 le·
1112 2058 1127 2106 6

142 2142 205 2207 gata
220 2133 302 2188 luerit
322 2141 349 2188 et
369 2133 440 2202 eius,
462 2133 520 2187 vivo
536 2140 682 2201 testatore,
702 2133 847 2206 legatarius
868 2131 991 2187 dominus
1006 2132 1094 2188 iactus

143 2217 240 2287 luerit,
264 2218 286 2272 si
309 2215 414 2287 quidem
436 2231 468 2270 ea
489 2231 567 2272 causa
588 2217 745 2288 emptionis,
768 2231 799 2270 ex
814 2223 975 2271 testamento
991 2217 1095 2271 actione

143 2303 260 2373 pretium
275 2300 404 2372 consequi
419 2306 525 2372 potest:
548 2301 569 2354 si
585 2315 647 2354 vero
664 2315 695 2353 ex
710 2315 787 2354 causa
802 2297 944 2368 lucrativa,
966 2298 1048 2354 veluti
1063 2316 1094 2355 er

144 2385 291 2440 donatione
306 2383 348 2438 vel
364 2399 395 2438 ex
411 2382 459 2438 alia
476 2383 554 2438 simili
569 2399 659 2454 causa,
674 2399 754 2456 agere
765 2399 819 2438 non
834 2390 934 2457 potest.
970 2399 1031 2438 narn
1042 2390 1094 2439 tra-

143 2469 228 2524 ditum
249 2476 305 2534 est,
325 2466 391 2520 duas
413 2466 554 2522 lucrativas
576 2483 668 2522 causas
689 2467 715 2521 in
737 2467 849 2522 eundem
870 2468 1003 2523 hominem
1026 2476 1053 2524 et
1067 2469 1095 2523 in

143 2553 255 2608 eandem
270 2567 326 2606 rem
342 2566 503 2606 concurrere
518 2567 573 2605 non
589 2566 678 2623 posse.
722 2550 772 2606 hac
786 2556 890 2608 ratione
906 2553 928 2607 si
943 2568 975 2607 ex
989 2551 1095 2607 duobus

143 2637 311 2692 testamentis
325 2633 415 2689 eadem
431 2649 474 2688 res
490 2633 575 2688 eidem
589 2633 732 2704 debeatur,
747 2635 871 2707 interest,
886 2643 975 2690 utrum
990 2652 1048 2690 rem
1063 2651 1096 2690 an

143 2720 355 2774 aestimationem
368 2734 399 2772 ex
411 2725 571 2772 testamento
584 2727 744 2773 consecutus
761 2727 814 2774 est:
830 2736 889 2774 uam
903 2721 925 2773 si
934 2735 1000 2787 rem,
1014 2734 1095 2790 agere

142 2820 197 2859 non
214 2811 323 2876 potest,
343 2803 403 2874 quia
419 2799 498 2856 babet
513 2816 570 2856 eam
591 2817 715 2857 excausa
731 2801 873 2872 lucrativa,
894 2803 917 2857 si
932 2803 1094 2856 aestimatio·

142 2903 214 2956 nem,
227 2902 308 2958 agere
320 2892 420 2957 potest.
452 2877 503 2938 ag,
515 2901 623 2957 quoque
636 2902 690 2955 res,
709 2887 814 2957 quaein
829 2901 917 2939 rerum
930 2891 1024 2938 natura
1039 2901 1094 2938 non
1112 2892 1127 2940 ‘l

143 2978 201 3039 est,
222 2973 246 3024 si
262 2969 341 3024 modo
357 2968 448 3024 lutura
464 2975 521 3038 est,
542 2976 615 3022 recte
630 2968 752 3041 legatur,
774 2967 855 3023 veluti
870 2966 990 3035 fructus,
1007 2970 1052 3038 qui
1068 2969 1093 3021 in

142 3054 190 3109 illo
209 3053 293 3108 iundo
315 3053 370 3107 nati
390 3061 481 3120 erunt,
503 3060 549 3106 aut
564 3051 636 3124 quod
657 3068 687 3106 ex
703 3050 746 3105 illa
762 3051 856 3106 ancilla
870 3059 961 3105 natum
976 3052 1037 3106 erit.
1067 3050 1094 3106 Si
1111 3057 1127 3106 8

145 3201 202 3208 ὴ-

212 3281 232 3346 ¹)
260 3283 368 3345 Tdeopd.
393 3289 418 3330 et
440 3284 538 3348 quidam
564 3282 640 3330 codd.
667 3281 743 3343 infer.
770 3282 804 3342 cf.
826 3283 848 3342 5.
873 3285 897 3336 5.
919 3282 944 3331 I.
967 3283 999 3332 de
1021 3288 1094 3344 empi.

143 3348 178 3410 (3,
192 3352 236 3412 24)
248 3349 377 3399 basilicas
390 3352 528 3399 exuereris
540 3351 615 3400 codd.
630 3349 687 3397 edd.
699 3347 771 3397 Scdr.
785 3355 810 3398 ei
821 3350 872 3400 Kr.
929 3346 950 3412 ²)
962 3369 995 3390 =
1007 3349 1039 3398 L.
1053 3351 1094 3398 21.

143 3418 355 3548 ghidg’pgggot.
379 3415 433 3481 (22,
453 3414 478 3478 3)
502 3433 536 3466 em
558 3417 689 3464 Marcioni
709 3418 725 3464 l.
747 3417 762 3464 6
786 3417 865 3467 instit.
950 3413 971 3478 ⁸)
987 3417 1045 3478 fere
1062 3437 1095 3457 ==

911 3569 946 3616 61
