2500 3890
22 391 31 586 p

22 1161 24 1292 l

307 297 342 332 ns
363 294 554 333 srmunnmonn
575 296 716 334 snnronun
734 283 784 345 ΙΙΙ,
804 285 834 334 1t
853 280 917 348 (18).
1034 281 1093 346 131

504 481 631 524 r1r.xv1
653 482 738 522 xvn.

168 565 217 616 Di}
236 565 384 617 DUOBUS
401 565 484 617 REIS
502 481 730 618 sntrunluntl
740 567 786 616 ΕΤ
803 567 1067 618 ΡΒΟΜΙΤΤΕΝΒΙ.

202 687 235 742 llt
249 687 395 762 stipulandi
407 695 434 743 et
449 687 622 760 promittendi
638 688 692 743 duo
708 687 831 761 pluresve
846 691 885 744 rei
900 689 958 744 lieri
969 697 1092 763 possunt.
1107 696 1142 738 Pr·

137 771 285 846 stipulandi
299 774 353 841 ita,
374 773 396 826 si
416 780 479 844 post
500 773 618 827 omnium
633 773 872 846 interrogationem
887 776 1037 845 promissor
1050 791 1093 830 re·

137 855 272 930 spondeat
286 870 438 912 spontino·
467 863 574 928 utputa
589 871 649 911 eum
664 853 769 911 dnobus
785 857 926 928 separatim
941 858 1093 931 stipulanti·

137 940 188 995 bus
202 941 240 995 ita
256 941 404 1012 promissor
418 939 581 1012 respondeat
595 955 733 1002 urmoun
744 955 887 997 vnsrann
901 956 985 997 onan
1002 955 1092 998 spou-

137 1039 214 1080 ono:
237 1038 299 1078 nam
314 1023 337 1077 si
352 1023 425 1094 prius
441 1023 511 1078 'litio
527 1024 717 1096 spoponderit,
734 1023 829 1079 deiude
844 1023 896 1079 alio
911 1026 1093 1095 interrogante

137 1107 285 1181 spondeat,
308 1105 357 1161 alia
378 1115 458 1178 atque
480 1106 529 1162 alia
550 1107 602 1162 erit
616 1106 743 1181 obligatio
758 1124 810 1164 nee
824 1107 971 1164 ereduntur
986 1107 1039 1163 duo
1055 1109 1093 1163 rei

137 1190 285 1264 stipulandi
297 1205 365 1250 esse.
381 1189 435 1245 dno
445 1190 569 1263 pluresve
580 1192 619 1245 rei
631 1192 806 1263 promittendi
817 1193 853 1246 ita
865 1189 943 1262 flunt,
958 1185 1061 1268 (veluti
1069 1193 1096 1248 si

135 1282 202 1347 post
220 1274 287 1330 Titii
301 1266 705 1350 interropationem)1nnnv1‚
722 1290 860 1340 omnoun
874 1290 995 1333 nonnos
1010 1291 1092 1332 nanu

138 1357 298 1416 srounnst
328 1372 390 1426 snt,
407 1373 532 1415 noenum
548 1373 685 1421 omuoun
700 1373 822 1415 nonnos
837 1374 919 1415 onan
936 1359 1092 1417 arounns?

136 1434 340 1514 respondeant²
351 1441 449 1514 singuli
469 1442 609 1513 separatim
626 1455 777 1498 spounno.
805 1441 842 1496 Es
857 1443 1009 1497 huiusmodi
1026 1442 1091 1498 obli·
1113 1449 1125 1496 1

137 1525 295 1600 gationibus
310 1532 337 1579 et
352 1524 542 1598 stipulantibus
557 1525 671 1580 solidum
683 1524 797 1598 singulis
812 1523 925 1580 debetur
941 1535 967 1581 et
981 1527 1092 1598 promit·

136 1617 227 1667 tentes
243 1607 345 1682 singuli
365 1609 394 1663 in
413 1608 529 1664 solidum
550 1615 686 1664 tenentur.
715 1608 741 1664 in
758 1615 870 1681 utraque
887 1618 975 1664 tamen
991 1608 1092 1683 obliga·

137 1694 213 1750 tione
236 1709 289 1747 una
312 1708 356 1747 res
378 1693 510 1749 vertitur:
534 1699 561 1747 et
582 1691 624 1746 vel
646 1691 714 1746 alter
735 1691 852 1748 debitum
875 1693 1028 1765 accipiendo
1052 1693 1091 1748 vel

137 1777 207 1832 alter
222 1775 352 1831 solvendo
369 1778 486 1830 omniurn
507 1777 613 1848 perimit
628 1774 819 1848 obligationem
839 1784 866 1831 et
882 1793 974 1833 omues
989 1777 1092 1836 liberat.

139 1853 197 1914 ³itx
215 1859 323 1914 duobus
339 1860 393 1914 reis
407 1859 583 1932 promittendi
598 1859 664 1914 alius
679 1876 763 1932 pure,
779 1860 845 1915 alius
859 1861 887 1916 in
902 1861 971 1916 diem
986 1861 1028 1916 vel
1044 1859 1093 1916 sub
1111 1867 1126 1915 2

138 1944 297 2001 condicione
313 1942 426 2018 obligari
441 1951 546 2016 potest:
562 1960 611 1998 neo
626 1944 815 2016 impedimento
832 1945 883 1999 erit
898 1944 953 1999 dies
969 1953 1014 1999 aut
1029 1961 1093 2000 oon·

137 2027 226 2099 dicio,
242 2042 297 2099 quo
314 2028 401 2081 minus
417 2025 449 2082 ab
465 2043 513 2098 eo,
529 2028 575 2098 qni
589 2042 657 2100 pure
672 2025 805 2098 obligatus
821 2036 877 2099 est,
892 2035 1009 2100 petatur.

491 2237 548 2278 rm.
560 2237 630 2278 xv11
641 2235 745 2288 (ΜΗ).

340 2323 390 2374 DE
409 2323 674 2374 STIPULATIONE
692 2321 895 2373 snnvotttttt.

201 2445 302 2502 Servus
318 2462 350 2501 ex
366 2461 480 2518 persona
495 2444 595 2500 domini
615 2445 656 2500 ius
672 2445 817 2518 stipulandi
832 2445 921 2501 habet.
952 2446 999 2502 sed
1014 2447 1092 2504 here·
1107 2469 1141 2509 m.

138 2530 207 2586 ditas
230 2532 258 2585 in
280 2529 416 2602 plerisque
438 2544 569 2600 personae
592 2528 711 2585 deluuoti
727 2531 811 2584 vicem
826 2531 955 2586 sustinet:
978 2531 1093 2604 ideoque

139 2613 212 2687 quod
232 2629 328 2668 servus
348 2612 525 2668 hereditarius
546 2620 607 2667 ante
627 2612 724 2668 aditam
738 2613 915 2670 hereditatem
937 2614 1092 2687 stipulatur,

139 2697 256 2770 adquirit
271 2696 412 2751 hereditati
427 2713 457 2752 ao
470 2712 519 2769 per
534 2695 586 2751 hoo
601 2698 679 2751 etiam
695 2696 786 2752 heredi
807 2704 901 2769 postea
916 2697 986 2753 iacto
1003 2698 1094 2770 adqui·

138 2783 215 2837 ritur.
254 2773 333 2836 ‘¹Sive
356 2788 444 2834 autem
466 2779 573 2834 domino
595 2779 650 2835 sive
669 2780 718 2835 sibi
740 2781 794 2836 sive
812 2796 942 2836 conservo
965 2797 1015 2837 sno
1037 2782 1125 2836 siret

139 2863 356 2938 impersonaliter
370 2879 463 2918 servus
478 2863 638 2935 stipuletur,
661 2863 769 2919 domino
784 2862 910 2936 adquirit.
940 2863 1011 2918 idem
1027 2865 1092 2918 iuris

140 2957 182 3004 est
196 2958 224 3004 et
237 2950 265 3003 in
280 2946 387 3018 liberis,
403 2947 489 3019 quiin
503 2954 637 3020 potestate
652 2949 734 3021 patris
749 2953 829 3018 suut,
845 2962 876 3001 er
892 2945 990 3019 quibus
1005 2947 1092 3003 causis

206 3207 227 3272 1)
246 3209 292 3259 Eae
312 3210 422 3274 Tbeopb.
447 3211 531 3274 quood
551 3209 698 3259 sententiam
718 3211 842 3272 suppleat,
867 3225 931 3274 quae
947 3212 1025 3274 ipitur
1042 3227 1092 3261 oon

140 3281 328 3340 compilatores,
344 3280 390 3328 sed
406 3276 508 3326 librarii
518 3283 543 3326 et
555 3293 608 3326 eum
619 3279 651 3325 tis
663 3277 720 3330 edd.
732 3290 815 3325 omnes
827 3285 943 3341 tanquam
955 3279 1009 3327 aine
1021 3279 1092 3327 exitu

140 3348 203 3396 male
224 3351 317 3408 coepta
339 3347 482 3397 omiserunt.
584 3341 606 3408 ²)
624 3342 679 3392 BP
694 3350 777 3404 recte,
801 3347 827 3392 et
844 3359 866 3394 r.
889 3345 912 3392 Τ
927 3345 952 3394 si
969 3358 991 3393 r.
1009 3344 1034 3392 E
1053 3348 1092 3395 ed.

141 3411 214 3462 Sobr.
233 3427 269 3462 ex
286 3413 481 3474 interpolatione
500 3417 560 3474 post
577 3412 669 3460 omissa
686 3411 729 3459 ilia
746 3411 843 3474 priora.
929 3410 950 3475 ³)
967 3432 1001 3452 =
1017 3412 1050 3467 L.
1069 3414 1092 3465 Ι.

141 3479 164 3526 D
191 3481 222 3530 de
242 3479 314 3531 duob.
333 3481 386 3528 reis
404 3479 455 3540 (45,
468 3479 495 3538 2)
514 3493 549 3528 em
560 3479 701 3527 Florentioi
717 3479 761 3528 ta
777 3481 856 3528 instit.
925 3477 946 3536 ⁴)
964 3481 1018 3528 init.
1033 3480 1092 3542 sere

141 3565 173 3586 =
192 3549 225 3598 L.
245 3547 283 3596 lb.
301 3548 335 3596 Ι).
354 3548 385 3596 de
402 3549 460 3610 stip.
480 3560 545 3596 sero.
563 3546 615 3606 tto,
633 3545 659 3607 8)
678 3561 713 3593 eac
729 3545 798 3595 Flor.
817 3547 833 3596 l.
852 3547 868 3595 8
885 3546 963 3594 instit.

906 3625 942 3675 9,*
