2500 3890
455 175 490 210 ns
510 175 617 211 ornrcro
635 176 740 213 rnorcrs
758 163 805 220 IV,
824 166 864 213 17.
1074 161 1134 225 197

180 305 395 372 constitutione¹
424 315 646 388 comprehensum
673 326 725 375 est.
767 319 833 373 baec
861 325 947 373 autem
975 319 1061 373 omnia
1083 334 1133 390 pro

180 400 277 454 veteris
298 398 444 454 calumniae
464 400 568 454 actione
583 399 735 456 introducta
756 411 836 472 sunt,
856 417 925 473 quae
939 403 966 456 in
980 400 1134 458 desuetudi-

180 499 241 538 nem
263 481 341 552 abiit,
365 474 444 553 quia²
466 485 494 536 io
509 491 611 555 partem
627 483 754 540 decimam
777 485 831 542 litis
854 494 971 540 actorem
993 484 1133 555 multabat,

182 566 253 639 quod
265 581 396 639 nusquam
409 565 507 620 lactum
523 582 583 622 esse
599 569 762 623 invenimus:
777 569 824 624 sed
836 569 934 640 probis
949 567 1132 625 introductum
1184 595 1187 600 ·

182 659 223 705 est
244 660 271 705 et
291 649 440 723 praelatum
460 650 643 706 iusiurandum
663 658 691 706 et
711 660 741 706 ut
761 651 897 725 improbus
918 653 1039 726 litigator
1054 653 1132 708 etiarn

182 733 306 790 damnum
321 741 349 789 et
363 734 497 805 impensas
511 733 566 789 litis
581 734 681 790 inlerre
692 735 843 791 adversario
858 752 908 790 suo
924 746 1046 810 cogatur.
1078 728 1133 790 ³Er
1150 736 1165 783 2

182 816 338 890 quibusdam
354 816 457 872 iudiciis
479 817 594 872 damnati
607 819 779 890 ignominiosi
800 817 883 890 fiunt,
904 818 988 874 veluti
1004 819 1085 890 iurti,
1107 822 1132 874 vi

180 901 314 957 bonorum
329 908 482 973 raptorum,
502 902 672 972 iniuriarum,
694 902 824 973 dedolo,
845 904 908 958 item
923 903 1040 974 tutelae,
1060 920 1133 959 man·

181 984 245 1055 doti,
268 985 383 1057 depositi
405 983 530 1053 directis,
552 1001 606 1040 non
628 987 782 1055 contrariis,
805 985 968 1056 actionibus,
997 987 1060 1041 item
1082 1004 1132 1060 pro

181 1071 272 1139 socio,
293 1084 360 1140 quae
381 1066 413 1122 ab
428 1078 541 1141 utraque
557 1076 633 1142 parte
648 1069 747 1125 directa
762 1078 820 1142 est,
843 1077 871 1124 et
883 1069 917 1125 ob
932 1070 958 1124 id
974 1069 1086 1143 quilibet
1101 1086 1132 1126 ex

182 1154 263 1209 sociis
275 1167 308 1207 eo
318 1151 416 1208 iudicio
429 1150 568 1208 damnatus
579 1154 724 1226 ignominia
736 1161 854 1208 notatur.
883 1153 930 1208 sed
947 1153 1011 1208 iurti
1026 1153 1133 1225 quidem

182 1245 226 1292 aut
238 1236 263 1290 vi
275 1235 408 1291 bonorum
420 1243 559 1308 raptorum
572 1244 617 1290 aut
627 1237 785 1292 iniuriarum
801 1246 847 1293 aut
857 1237 889 1292 de
901 1237 965 1293 dolo
980 1253 1034 1292 non
1046 1236 1134 1292 solum

181 1320 299 1376 danrnati
313 1327 441 1374 notantur
454 1320 617 1391 ignominia,
637 1320 684 1374 sed
699 1320 779 1376 etiam
794 1323 878 1393 pacti:
899 1330 926 1376 et
941 1330 1029 1390 recte3
1052 1320 1134 1394 pluri·

182 1421 255 1458 mum
270 1403 339 1458 enim
353 1403 481 1474 interest,
504 1411 593 1457 utrum
614 1420 646 1459 ex
665 1402 763 1460 delicto
785 1403 880 1477 aliquis
901 1421 932 1459 an
948 1421 980 1460 ex
994 1412 1133 1460 contractu

181 1486 286 1543 debitor
300 1488 344 1541 sit.

245 1564 385 1624 ⁴0mnium
397 1577 485 1625 autem
497 1571 632 1626 actionum
647 1570 871 1625 instituendarum
883 1571 1043 1643 principium
1060 1569 1092 1625 ab
1103 1586 1134 1626 ea
1152 1569 1167 1616 3

181 1662 258 1730 parte
276 1653 356 1708 edicti
374 1652 564 1726 proficiscitur,
580 1669 631 1725 qua
648 1661 758 1726 praetor
772 1653 851 1709 edicit
862 1654 894 1708 de
906 1656 932 1709 in
942 1655 985 1709 ius
1000 1653 1133 1710 vocando:

180 1740 275 1812 ntique
290 1739 361 1791 enim
381 1739 409 1792 in
429 1737 520 1809 primis
542 1736 707 1792 adversarius
722 1739 749 1792 in
764 1739 806 1793 ius
821 1737 956 1794 vocandus
971 1746 1028 1807 est,
1050 1737 1077 1792 id
1092 1746 1135 1794 est

180 1822 212 1877 od
230 1837 291 1878 eum
306 1821 441 1876 vocandus
456 1828 514 1892 est,
529 1822 576 1893 qui
589 1821 631 1876 ius
647 1821 768 1877 dicturus
783 1823 826 1877 sit.
871 1839 922 1894 qua
937 1829 1012 1895 parte
1026 1829 1135 1894 praetor·

181 1903 337 1979 parentibus
351 1911 379 1960 et
393 1906 530 1977 patronis,
551 1906 615 1960 item
632 1905 724 1961 liberis
738 1906 945 1979 parentibusque
960 1913 1133 1978 patronorum

181 1999 208 2044 et
230 1996 404 2062 patronarum
426 1989 498 2043 hunc
519 1997 637 2062 praestat
659 1989 808 2060 honorem,
831 1998 936 2044 utnon
958 1989 1035 2044 aliter
1056 1988 1134 2043 liceat

181 2072 272 2128 liberis
288 2072 447 2143 libertisque
462 2088 509 2128 eos
530 2074 557 2126 in
572 2074 614 2126 ins
629 2088 738 2141 vocare,
761 2087 841 2143 quam
857 2073 879 2126 si
893 2071 920 2125 id
936 2070 967 2125 ab
983 2073 1042 2144 ipso
1058 2087 1133 2143 prae-

180 2164 242 2211 tore
257 2155 454 2228 postulaverint
469 2163 496 2209 et
510 2156 723 2228 impetraverint:
747 2156 811 2210 etsi
826 2155 886 2225 quis
901 2154 977 2209 aliter
991 2155 1134 2224 vocaverit,

181 2241 209 2294 in
224 2255 286 2296 eum
300 2255 414 2312 poenam
429 2237 577 2294 solidorum
593 2239 786 2312 quinquaginta
800 2239 948 2295 constituit.

583 2449 641 2490 rrr.
659 2449 735 2490 xm.

470 2534 519 2584 Du
538 2533 683 2585 OFFICIO
702 2533 846 2590 IUDIOIS.

245 2657 389 2730 Superest,
411 2664 441 2710 ut
461 2655 495 2712 de
515 2653 603 2711 oilicio
618 2654 713 2710 iudicis
728 2655 907 2729 dispiciamus.
943 2665 970 2712 et
985 2657 1092 2728 quidem
1106 2657 1133 2711 in
1147 2667 1182 2708 rr.

180 2743 273 2814 primis
295 2740 361 2796 illud
384 2738 524 2795 observare
546 2738 627 2795 debet
648 2739 742 2811 iudex,
765 2756 798 2795 ue
820 2740 897 2795 aliter
918 2740 1030 2810 iudicet,
1054 2756 1133 2811 qnam

180 2824 287 2899 legibus
303 2833 348 2878 ant
363 2822 600 2879 constitutionibus
620 2831 666 2879 aut
685 2822 803 2878 moribus
818 2823 955 2896 proditum
971 2833 1022 2879 est.
1051 2817 1134 2879 ldeo⁵

181 2910 203 2963 si
215 2908 303 2964 noxali
314 2907 411 2963 iudicio
421 2906 542 2963 addictus
554 2916 606 2978 est,
620 2906 762 2963 observare
774 2904 864 2976 debet,
876 2915 916 2977 ut,
923 2908 946 2962 si
958 2905 1133 2963 condemnan-

181 2991 231 3046 dus
247 2991 380 3046 videbitur
394 2990 529 3060 dominus,
543 2991 580 3047 ita
596 2990 690 3046 debeat
704 2989 892 3046 condemnare:
907 3007 1045 3048 rusorum
1058 3005 1134 3045 uss-

249 3216 268 3285 ¹)
287 3222 321 3271 L.
341 3222 381 3273 14.
398 3219 422 3280 ξ.
435 3221 456 3273 1.
476 3220 502 3270 0.
521 3221 552 3270 de
570 3221 645 3269 ludio.
664 3217 748 3282 (3,1).
817 3216 837 3282 ²)
855 3220 892 3268 sic
909 3220 982 3269 codd.
1001 3227 1048 3269 oet.
1067 3233 1134 3283 quoe

180 3291 250 3338 multi
264 3289 341 3344 infer.
358 3284 439 3349 fuerit
455 3288 533 3350 ipitur
551 3283 636 3350 (nam)
655 3301 715 3351 que.
797 3284 818 3348 ³)
834 3307 868 3327 =
887 3286 942 3336 Gai.
960 3289 991 3348 4,
1012 3288 1058 3337 182
1076 3294 1133 3336 mut.

180 3354 255 3476 20ᾱῖ
272 3355 327 3473 vGecpi.
338 3357 378 3472 eb}
392 3355 446 3474 1122:
457 3361 515 3402 mut.
589 3351 611 3416 ὓ)
628 3355 698 3403 multi
714 3355 787 3406 codd.
805 3354 880 3415 infer.
901 3353 1011 3417 Tlteoplt.
1030 3357 1058 3404 el
1075 3353 1133 3404 ideo
