2492 3896
136 187 177 252 70
343 206 379 240 ns
397 203 554 241 annotans
571 203 762 240 mansurarum
780 190 819 251 11,
838 190 878 238 14.

135 344 169 402 ad
183 344 326 401 Masurium
342 343 467 401 Sabinum
483 361 561 418 quam
576 345 607 400 ad
623 344 756 400 Plautium
770 345 886 417 scripsit,
901 343 994 400 refert.
1022 361 1089 417 pro·

135 430 210 504 prius
231 436 319 484 autem
340 444 433 484 servus
454 430 531 484 etiam
550 432 573 484 fs
588 428 772 502 intellegitur,
792 429 889 500 inquo
905 427 1002 482 nudam
1024 444 1088 500 pro·

135 514 275 587 prietatem
297 519 411 568 testator
433 511 530 584 hahet,
558 513 609 568 alio
639 512 835 567 usumfructum
857 510 981 566 habente.
1027 503 1090 566 ¹est

137 603 224 651 autem
240 611 327 667 casus,
342 597 369 651 in
385 612 439 668 quo
454 612 505 652 nec
517 613 578 652 cum
593 596 715 652 libertate
729 595 831 651 utiliter
845 611 938 650 servus
951 611 966 650 a
980 594 1088 652 domina

136 681 215 736 heres
230 680 395 750 instituitur,
415 688 446 735 ut
461 681 653 736 constitutione
675 680 796 735 divorum
813 677 904 734 Severi
918 688 945 733 et
959 679 1090 734 Antonini

137 770 262 835 cavetur,
278 765 353 819 cuius
368 762 447 818 verba
461 764 526 819 haec
540 772 617 819 sunt:
640 760 763 819 ‘Servum
779 763 911 818 adulterio
926 763 1088 819 maculatum

137 863 192 902 non
212 848 270 904 iure
289 854 449 903 testamento
470 849 660 902 manumissum
683 854 744 902 ante
764 847 921 902 sententiam
936 845 969 901 ab
984 862 1014 902 ea
1028 863 1088 902 mu-

137 930 203 986 liere
216 930 314 1002 videri,
330 947 397 1005 quac
413 947 458 986 rea
472 931 560 987 fuerat
575 929 693 986 eiusdem
709 931 825 985 criminis
839 929 991 1002 postulata,
1005 931 1089 986 ratio·

138 1015 180 1070 nis
195 1022 253 1071 est:
275 1031 357 1087 quare
372 1016 510 1086 sequitur,
531 1021 561 1068 ut
576 1016 604 1068 in
616 1013 730 1069 eundem
746 1031 761 1068 a
775 1012 882 1068 domina
902 1014 998 1069 collata
1012 1015 1089 1070 insti·

138 1100 207 1154 tutio
223 1098 321 1153 nullius
336 1098 464 1153 momenti
479 1095 630 1153 habeatur!
654 1097 756 1152 alienus
771 1113 864 1152 servus
879 1097 956 1152 etiam
972 1099 994 1152 is
1009 1097 1089 1154 intel·

105 1191 118 1237 1
138 1182 253 1254 legitur,
268 1182 295 1235 iu
311 1197 365 1254 quo
380 1180 576 1236 usumfructum
591 1187 706 1236 testator
720 1178 809 1236 habet.
840 1173 957 1237 ²Servus
973 1189 1089 1236 autema

137 1260 247 1320 domino
263 1280 313 1320 suo
327 1264 405 1318 heres
420 1265 577 1337 institutus,
600 1265 623 1320 si
644 1263 750 1337 quidem
765 1266 792 1319 in
807 1263 900 1319 eadem
915 1279 995 1320 causa
1015 1280 1090 1320 man·

138 1349 219 1419 serit,
239 1345 270 1404 fit
285 1364 317 1403 ex
333 1355 493 1404 testamento
509 1348 576 1404 liber
590 1349 722 1421 heresque
737 1348 914 1404 necessarius.
958 1349 981 1403 si
996 1364 1061 1404 vero
1075 1364 1090 1404 a

136 1433 196 1488 vivo
218 1439 347 1488 testatore
368 1433 544 1487 manumissus
566 1431 663 1503 fucrit,
686 1448 736 1486 suo
759 1430 867 1488 arbitrio
890 1430 962 1486 adira
983 1431 1089 1487 heredi·

137 1523 219 1572 tatem
235 1523 338 1590 potest,
364 1517 494 1589 quianon
509 1513 737 1588 dioecesanus,
759 1531 819 1572 cum
834 1523 979 1586 utrumque
994 1531 1025 1570 ex
1041 1514 1090 1572 do·

138 1601 201 1654 mini
224 1607 385 1656 testamento
411 1615 466 1654 non
493 1602 676 1672 consequitur.
722 1599 818 1673 quodsi
845 1599 975 1654 alienatus
996 1598 1090 1669 fuerit,

138 1684 214 1738 iussu
235 1684 298 1738 nori
319 1682 419 1737 domiui
440 1681 512 1737 adire
525 1682 702 1739 hereditatem
724 1681 804 1738 dehet
818 1691 846 1738 et
861 1699 891 1738 ea
913 1683 1017 1737 ratione
1040 1699 1091 1756 per

138 1782 200 1821 eum
215 1765 337 1820 domiuus
352 1764 383 1820 fit
397 1765 489 1820 heres:
511 1782 570 1820 iram
591 1768 649 1839 ipse
670 1766 801 1822 alienatus
816 1782 903 1839 neque
918 1765 986 1822 liber
999 1782 1090 1839 neque

137 1849 218 1905 heres
233 1864 293 1904 esse
305 1855 411 1922 potest,
424 1849 527 1904 etiamsi
539 1866 599 1904 cum
611 1849 734 1906 libertate
745 1850 824 1904 heres
837 1851 976 1904 institutus
992 1847 1088 1905 fuerit:

139 1933 275 1989 destitisse
290 1934 388 1988 etenim
403 1949 419 1989 a
433 1930 563 1988 libertatis
579 1933 684 1990 datione
697 1932 803 1990 videtur
816 1932 951 2004 dominus,
966 1934 1013 2005 qui
1028 1949 1089 1989 eum

139 2015 270 2072 alienavit.
308 2017 410 2073 alienus
432 2033 540 2091 quoque
555 2033 647 2073 servus
668 2018 746 2073 heres
762 2017 901 2072 institutus
916 2017 940 2072 si
955 2017 982 2071 fn
997 2016 1090 2073 eadem

139 2116 219 2157 causa
233 2100 376 2172 duraverit,
391 2102 466 2157 iussu
480 2100 581 2156 domini
595 2100 667 2157 adire
683 2100 859 2157 hereditatem
873 2100 963 2156 dehet.
985 2099 1009 2154 si
1025 2117 1089 2157 vero

139 2184 268 2240 alienatus
283 2183 364 2241 fuerit
379 2193 426 2241 aut
440 2186 499 2241 vivo
514 2192 644 2241 testatore
659 2192 705 2240 aut
719 2192 909 2258 postmortem
925 2185 998 2256 eius,
1014 2192 1089 2240 ante-

140 2283 219 2339 quam
231 2266 319 2340 adeat,
342 2268 422 2324 dehet
436 2270 510 2324 iussu
526 2270 587 2325 novi
602 2269 701 2324 domini
721 2268 803 2323 adire.
833 2274 860 2322 at
873 2269 896 2322 si
911 2269 1089 2324 manumissus

140 2359 182 2405 est
200 2352 261 2405 vivo
280 2358 408 2407 testatore
427 2352 468 2408 vel
488 2361 611 2422 mortuo,
632 2361 774 2425 antequam
794 2351 886 2422 adeat,
913 2367 962 2406 suo
978 2350 1088 2408 arbitrio

107 2443 123 2492 2
141 2432 213 2488 adire
227 2432 402 2488 hereditatem
417 2442 516 2507 potest.
552 2435 649 2490 Servus
664 2435 765 2491 alienus
783 2442 846 2508 post
858 2435 960 2490 domini
974 2444 1088 2492 mortem

139 2523 213 2572 recte
227 2517 306 2571 heres
320 2517 479 2587 instituitur,
495 2519 555 2590 quia
567 2526 664 2574 etcum
680 2519 846 2575 hereditariis
856 2521 939 2574 serris
954 2526 996 2574 est
1008 2527 1089 2576 testa·

140 2602 223 2655 menti
236 2599 330 2655 factio:
345 2600 463 2655 uondurn
475 2602 544 2656 enim
556 2602 624 2656 adita
641 2602 773 2658 hereditas
790 2618 921 2675 personae
932 2604 1014 2658 vicem
1027 2619 1089 2660 sus·

141 2685 225 2760 tinet,
246 2699 300 2738 non
315 2683 421 2739 heredis
436 2684 537 2756 futuri,
559 2683 607 2740 scd
621 2683 757 2757 defuncti,
780 2701 839 2741 eum
854 2687 970 2754 eteius,
992 2686 1038 2757 qui
1060 2689 1090 2742 fn

107 2775 219 2826 antero
242 2774 297 2835 est,
325 2783 417 2822 servus
441 2774 513 2823 recte
539 2767 618 2823 heres
639 2769 797 2824 instituitur.
841 2767 939 2824 Servus
961 2769 1089 2842 plurium,

140 2867 199 2907 cum
215 2850 311 2924 quihus
326 2852 478 2907 testamenti
493 2849 573 2907 factio
589 2858 644 2921 est,
667 2850 699 2907 ab
715 2860 840 2908 extraneo
856 2855 995 2908 institutus
1010 2854 1089 2910 heres

140 2936 286 3008 unicuique
301 2935 479 3004 dominorum,
496 2936 571 2990 ouius
585 2936 660 2991 iussu
674 2934 784 3007 adierit,
798 2952 848 3009 pro
863 2936 988 3008 portione
1003 2937 1089 2993 domi-

138 3020 177 3074 nii
191 3019 307 3093 adquirit
320 3018 504 3074 hereditatem.

105 3110 123 3159 4
202 3101 234 3158 Et
249 3117 331 3157 unum
347 3103 482 3161 hominem
498 3110 525 3158 et
538 3101 631 3176 plures
645 3104 672 3158 in
688 3100 836 3175 infinitum,
857 3110 925 3175 quot
940 3104 1000 3176 quis
1014 3103 1089 3175 velit,

207 3378 226 3444 ¹)
242 3382 299 3444 fere
311 3403 344 3424 =
356 3381 388 3432 L.
405 3383 446 3433 ts.
463 3378 488 3439 i.
506 3384 529 3436 2.
548 3383 581 3432 D.
599 3383 631 3432 de
649 3382 702 3432 her.
720 3385 778 3436 inst.
797 3382 849 3446 (48,
862 3379 889 3447 ὅ)
907 3399 942 3434 erc
958 3383 1091 3434 Marciani

138 3448 283 3500 ttrnstu.
352 3447 373 3512 ²)
391 3469 424 3490 =
441 3449 497 3501 Gai.
515 3451 539 3510 2,
557 3449 614 3502 188.
635 3449 683 3499 189
700 3457 758 3500 mut.
