2472 3896
150 225 173 287 4
297 241 332 276 ns
351 240 414 276 rursu
432 238 577 286 urrunnun,
595 237 716 275 unurrnrr
732 237 768 272 rr
785 235 873 273 cruror
891 222 956 284 1,2.

117 388 134 436 4
150 380 266 451 laedere,
281 395 360 436 suum
375 380 473 453 cuique
489 379 617 436 tribuere.
662 373 671 411 ¹
685 377 770 434 llulus
791 378 874 434 studii
893 378 961 434 duae
976 383 1040 432 sunt
1059 391 1109 449 po·

150 466 273 533 sitiones,
296 462 433 539 publicum
455 472 483 520 et
504 465 646 538 privatum.
683 461 818 535 publicum
840 463 882 518 lus
904 469 957 532 est,
980 458 1054 533 quod
1074 459 1108 515 ad

151 555 251 604 statum
273 548 312 604 rei
334 545 465 603 Romanae
487 554 600 620 spectat,
623 547 765 621 privatum,
788 545 860 618 quod
883 545 915 601 ad
937 543 1109 618 slngulorum

150 630 296 688 utilitatem
310 631 437 704 pertinet.
470 630 613 687 dlcendum
627 638 669 685 est
684 631 768 704 igitur
782 629 816 685 de
831 631 890 686 iure
904 631 1019 702 privato,
1034 627 1109 700 quod
1215 621 1219 636 '

152 716 316 788 tripertitum
331 722 388 783 est;
411 713 554 771 collectum
570 720 612 770 est
626 715 695 770 enim
716 729 748 769 er
769 711 934 769 natmalihus
957 713 1109 786 praeceptis

151 807 197 854 aut
220 799 340 872 gentium
363 805 410 853 ant
431 797 563 854 civilibus.

577 1008 635 1048 'Hm
647 1008 680 1048 Π.

250 1095 300 1144 DE
317 1094 406 1144 lituu
423 1093 620 1155 NATURALI,
639 1092 804 1144 usurum
821 1092 868 1143 ET
885 1091 1007 1146 cmm.

101 1219 137 1262 Pr·
214 1208 281 1270 ²lus
304 1215 424 1272 naturale
446 1222 503 1286 est,
532 1214 605 1288 quod
631 1221 725 1270 natura
752 1215 839 1270 omnin
862 1214 982 1271 anlmalia
1004 1214 1108 1272 docuit.

151 1315 210 1354 nam
225 1301 267 1354 ius
282 1298 355 1355 istud
369 1314 424 1354 non
440 1299 548 1354 humani
563 1300 670 1372 generis
685 1300 825 1372 proprium
845 1306 896 1369 est,
918 1298 966 1354 sed
988 1299 1109 1354 omnium

151 1382 312 1453 animalium,
329 1383 439 1455 quaein
455 1382 537 1454 eaelo,
559 1398 628 1454 quae
643 1383 767 1454 interra,
788 1381 898 1456 quaein
914 1383 979 1438 mari
994 1398 1109 1438 naseun-

150 1474 204 1524 tur.
241 1465 302 1522 hino
324 1465 461 1523 descendit
488 1468 568 1523 maris
590 1475 672 1540 atque
694 1466 807 1524 feminae
829 1466 998 1538 coniugatio,
1027 1481 1108 1539 quam

150 1565 200 1606 nos
222 1551 418 1605 matrimonium
445 1550 623 1625 appellamus,
652 1550 716 1606 hinc
736 1547 884 1605 liberorum
907 1550 1057 1622 procreatio
1080 1559 1109 1606 et

150 1633 287 1689 educatio:
310 1632 428 1689 videmus
443 1635 542 1689 etenim
562 1642 651 1690 cetera
673 1649 782 1706 quoque
800 1631 921 1688 animalia
942 1633 1020 1688 istius
1041 1633 1108 1690 iuris

118 1724 132 1771 1
151 1718 245 1788 peritia
267 1718 381 1776 censeri.
421 1717 463 1771 lus
486 1725 575 1772 autem
604 1715 679 1773 civile
699 1716 740 1773 vel
763 1718 884 1791 gentium
905 1715 944 1772 ita
966 1716 1108 1773 dividitur:

153 1794 270 1857 ³omnes
285 1799 391 1874 populi,
407 1801 453 1873 qui
468 1799 574 1872 legibus
595 1809 624 1856 et
644 1799 762 1856 moribus
777 1809 919 1874 reguntur,
943 1802 1040 1876 partlm
1055 1816 1108 1857 suo

150 1884 281 1957 proprio,
308 1885 405 1957 partim
433 1885 566 1939 communi
595 1885 713 1939 omnium
735 1884 874 1940 hominum
895 1885 955 1940 iure
977 1890 1108 1940 utuntur:

150 1982 210 2022 nam
226 1966 299 2039 qnod
314 1968 429 2039 quisque
449 1967 567 2041 populns
588 1969 646 2040 ipse
666 1963 779 2024 sibilus
800 1969 951 2038 constituit,
973 1967 1000 2023 id
1022 1969 1108 2040 ipsius

148 2052 289 2125 proprium
304 2051 417 2107 civitatis
431 2059 474 2106 est
486 2059 649 2125 vocaturque
663 2053 706 2106 ius
720 2051 805 2121 civile,
821 2051 896 2124 quasi
909 2053 952 2107 ius
967 2053 1108 2124 proprium

148 2135 234 2209 ipsius
250 2137 379 2191 civitatis:
395 2133 468 2209 quod
482 2151 546 2192 vero
561 2135 690 2192 naturalis
705 2137 773 2191 ratio
788 2137 860 2190 inter
875 2151 968 2191 omnes
983 2135 1108 2191 homines

150 2221 300 2290 constituit,
322 2219 349 2274 id
369 2220 438 2292 apud
459 2235 552 2274 omnes
573 2219 689 2293 populos
704 2235 836 2292 peraeque
859 2219 1011 2275 custoditur
1028 2234 1108 2275 roca·

149 2310 249 2375 torque
263 2304 306 2357 ius
322 2303 453 2375 gentium,
470 2304 545 2375 quasi
561 2319 615 2376 qno
629 2305 690 2358 iure
703 2319 797 2360 omnes
812 2310 907 2376 gentes
924 2311 1045 2362 utuntur.
1079 2311 1109 2358 et

149 2385 268 2458 populus
283 2386 374 2457 itaque
388 2385 522 2442 Romanus
536 2389 634 2460 partim
646 2403 696 2442 suo
717 2388 837 2462 proprio,
861 2388 957 2461 partim
972 2387 1108 2442 communi

151 2470 269 2524 omnium
281 2469 419 2524 lromlnum
434 2471 494 2525 iure
509 2471 603 2526 utitur.
637 2486 704 2541 quae
719 2469 826 2543 singula
845 2470 933 2542 qualia
952 2477 1025 2539 sunt,
1049 2471 1108 2525 suis

116 2559 132 2607 2
151 2551 218 2608 loeis
232 2568 427 2625 proponemus.
464 2552 515 2607 Sed
530 2554 572 2607 ius
588 2552 693 2625 quidem
715 2552 792 2609 civile
814 2569 846 2608 ex
869 2569 1027 2626 unaquaque
1042 2554 1107 2608 civi-

150 2643 206 2691 tate
222 2635 380 2708 appellatur,
396 2635 478 2692 veluti
494 2636 711 2692 Atheniensium:
728 2637 825 2692 namsi
841 2638 901 2709 quis
916 2637 981 2692 velit
996 2636 1108 2692 Solonis

150 2718 192 2774 vel
207 2718 333 2774 Draconis
347 2718 422 2793 leges
437 2720 573 2794 appellare
588 2721 629 2775 ius
644 2719 720 2774 civile
734 2720 948 2792 Atheniensium,
962 2736 1018 2776 non
1033 2737 1106 2777 erra·

148 2803 225 2858 verit.
263 2805 302 2858 sic
317 2804 385 2859 enim
401 2805 495 2877 etius,
511 2819 565 2877 quo
581 2803 699 2876 populus
713 2800 847 2860 Romanus
862 2806 958 2876 utitur,
972 2805 1014 2859 ius
1029 2803 1107 2860 civile

149 2887 329 2943 Romanorum
344 2888 509 2961 appellamus
524 2886 568 2942 vel
587 2888 629 2941 ius
645 2885 795 2957 Quiritium,
817 2904 871 2961 quo
887 2886 1003 2955 Quirites
1025 2896 1107 2942 utun·

149 2979 209 3038 tur3
225 2968 335 3026 Romani
350 2973 421 3028 enim
435 2970 571 3038 aOuirino
584 2969 700 3037 Quirites
711 2971 887 3044 appellantur.
917 2971 964 3026 sed
980 2971 1106 3044 quotiens

149 3069 204 3108 non
226 3053 364 3124 addimus,
387 3057 462 3110 cuius
484 3056 520 3109 sit
541 3054 674 3125 civitatis,
699 3064 823 3110 nostrum
844 3057 887 3110 ius
910 3053 1107 3129 significamus:

149 3138 228 3193 sicuti
250 3153 311 3192 cum
332 3145 437 3210 poetam
461 3138 573 3194 dicimus
596 3153 646 3194 nec
668 3137 789 3194 addimus
810 3154 925 3211 nomen,
947 3137 1107 3194 subauditur

218 3346 237 3413 1)
250 3371 283 3390 ==
297 3351 329 3399 L.
343 3351 365 3403 1.
378 3351 401 3410 ξ.
415 3351 438 3404 2.
450 3352 483 3400 D.
501 3351 525 3401 lt.
544 3359 561 3402 t.
580 3367 615 3402 erc
633 3352 691 3416 Uip.
703 3352 772 3402 tto.1
790 3352 868 3402 instit.
955 3349 977 3414 ²)
990 3373 1024 3392 =
1035 3352 1069 3408 L.
1083 3353 1107 3401 1.

149 3412 173 3471 s.
192 3417 217 3466 e.
239 3417 272 3468 o.
290 3419 322 3467 ae
339 3419 416 3468 tutto.
437 3416 519 3482 (1,1)
539 3435 574 3470 eu
596 3419 653 3483 usp.
671 3423 689 3470 ι.
707 3433 729 3474 0.
831 3416 851 3480 3)
870 3438 903 3459 =
917 3418 973 3471 oar.
992 3421 1020 3478 1,
1039 3421 1063 3471 1.
1082 3427 1108 3468 er

149 3483 182 3531 L.
201 3483 226 3532 9.
244 3484 276 3537 D.
296 3485 328 3534 de
347 3485 424 3536 instit.
443 3484 537 3551 (1,1).
700 3522 702 3528 ·
