2472 3896
456 711 807 788 PRAEFATIO.
871 710 874 716 ’

221 983 358 1040 Iustiniani
373 985 572 1040 institutionum
587 1002 646 1042 cum
663 995 703 1042 tot
716 992 882 1059 praestantes
897 993 1004 1041 exstent
1017 984 1111 1040 editio·

159 1083 222 1137 nes,
245 1069 405 1141 genuinum,
427 1083 506 1140 quem
521 1079 631 1137 vocant,
655 1077 757 1125 textum
776 1069 955 1143 spondentes,
978 1076 1006 1125 et
1019 1069 1047 1124 iu
1069 1068 1110 1124 bis

159 1149 339 1225 Kruegeriana
354 1154 426 1208 omni
441 1169 487 1223 ea,
510 1168 577 1225 quae
592 1169 663 1209 nunc
677 1154 747 1227 erigi
768 1153 853 1225 solet,
868 1153 1005 1226 diligentia
1019 1159 1110 1207 curata

159 1234 320 1308 modicoque
335 1251 395 1290 aere
411 1235 534 1308 parabilis
549 1238 591 1290 vix
606 1245 666 1292 ante
678 1254 776 1293 aunum
790 1236 938 1310 prodierit,
959 1251 1028 1292 nova
1043 1249 1110 1309 quae

159 1317 311 1390 publicatur
331 1317 421 1372 editio·
437 1320 478 1372 vir
498 1321 711 1390 excusationem,
734 1321 832 1376 nedum
853 1319 1110 1376 commendationem

160 1399 282 1455 habitura
302 1409 357 1469 est,
378 1401 429 1454 nisi
450 1401 609 1456 retexendae
623 1402 702 1458 huius
718 1403 786 1458 telae
801 1402 866 1476 quid
881 1419 978 1476 operae
993 1404 1109 1476 pretium

161 1482 257 1553 tuerit,
279 1482 380 1538 solidae
400 1485 518 1539 rationes
538 1483 684 1540 reddantur
702 1485 819 1559 quidque
841 1485 963 1542 utilitatis
987 1485 1049 1541 inde
1068 1502 1109 1541 re·

160 1565 301 1638 dundarit‚
315 1575 376 1622 ante
391 1575 548 1640 exponatur.

221 1648 254 1705 Et
265 1667 324 1706 cum
338 1651 392 1706 duo
410 1651 464 1706 sint
478 1652 543 1706 artis
559 1651 666 1709 criticae
680 1653 818 1726 potissima
834 1652 962 1725 subsidia,
977 1651 1109 1724 codicum,

159 1734 256 1807 quibus
270 1733 340 1790 liber
352 1736 466 1808 quisque
481 1735 595 1790 traditus
615 1736 692 1792 nobis
712 1744 769 1808 est,
793 1739 957 1810 comparatio
973 1745 998 1792 et
1015 1752 1108 1791 eorum

158 1817 222 1892 quid
243 1818 392 1898 cuiquezad¹
414 1835 500 1874 veram
519 1819 659 1876 lectionem
681 1820 865 1892 praestandam
887 1819 1058 1876 tribuendum
1072 1819 1109 1874 sit

156 1900 426 1973 auctoritatis‚·rebta
442 1903 607 1976 aestimatio,
624 1910 752 1976 quantum
767 1903 799 1959 ad
814 1905 905 1978 prius,
925 1904 1027 1972 fateor,
1042 1902 1107 1958 nihil

157 1987 219 2042 novi
241 1995 383 2060 apparatus
405 1992 512 2058 praeter
534 2002 612 2056 eum,
640 2004 693 2060 quo
722 1988 883 2043 meritissimi
905 1987 939 2042 de
961 1987 1010 2042 bac
1031 1994 1107 2060 parte

158 2069 291 2139 editores,
318 2069 482 2126 Schraderus
510 2079 537 2124 et
558 2069 713 2143 llruegerus
742 2073 783 2126 usl
811 2083 887 2139 sunt,
915 2071 978 2125 milri
1000 2079 1107 2143 praesto

158 2153 250 2209 luisse.
279 2153 332 2209 Nec
353 2152 384 2208 ab
407 2154 456 2209 hac
478 2161 553 2227 parte
574 2153 687 2209 multum
709 2156 735 2209 in
758 2153 878 2209 luturum
901 2153 990 2209 auxilii
1006 2155 1106 2226 sperari

157 2235 239 2291 licere
253 2245 335 2308 puto,
356 2238 460 2292 etiamsi
474 2238 630 2309 contingat,
651 2237 722 2310 quod
742 2253 796 2292 non
813 2245 887 2293 extra
901 2253 975 2310 spem
990 2238 1107 2309 positum

158 2328 210 2390 est,
226 2327 257 2374 ut
272 2321 348 2375 unius
364 2318 506 2376 alteriusve
520 2322 582 2376 novi
597 2319 694 2376 codicis
710 2322 785 2394 copia
800 2319 877 2377 nobis
893 2320 954 2392 fiat,
970 2329 1108 2394 praestan·

159 2403 267 2459 tissimis
290 2420 395 2474 eorum,
421 2405 465 2477 qui
486 2405 539 2460 lam
562 2404 665 2460 excussi
687 2414 765 2476 sunt,
787 2411 873 2461 aetate
894 2405 950 2460 lere
966 2406 1107 2477 comparis,

157 2489 212 2543 sive
227 2491 284 2542 eius
299 2503 370 2543 nunc
384 2490 479 2544 notitia
494 2488 621 2561 quaedam
637 2496 774 2562 superest,
795 2489 868 2544 velut
883 2488 1107 2544 Seissensteinen·

157 2573 210 2641 sis,
230 2570 420 2641 vercellensis,
440 2571 636 2645 Gottorpiensis
652 2563 699 2649 (de
715 2572 811 2644 quibus
827 2573 878 2628 vid.
894 2572 1034 2628 Schraderi
1048 2587 1106 2626 mo·

156 2657 242 2710 nitum
253 2655 294 2709 ad.
306 2654 368 2709 leet.
381 2665 441 2711 ante
459 2656 499 2712 ed.
512 2655 597 2710 lnstit.
610 2673 637 2728 p.
651 2655 694 2710 Xll
705 2657 816 2729 eiusque
827 2656 1000 2729 prodromum
1012 2673 1040 2728 p.
1052 2646 1107 2732 49)

157 2740 212 2794 sive
228 2738 290 2811 quid
312 2736 398 2793 adbuc
417 2739 496 2811 plane
516 2740 683 2812 incognitum
701 2741 727 2794 iu
748 2738 914 2795 bibliothecis
936 2739 1001 2794 latet
1022 2737 1107 2794 simile

157 2823 270 2878 sortasse
289 2820 412 2892 illorum,
436 2838 502 2894 quae
522 2838 553 2877 ex
573 2822 786 2878 Institutionibus
811 2824 941 2896 exscripta
962 2823 990 2877 in
1011 2823 1107 2877 veteri·

156 2905 206 2962 bus
217 2905 403 2963 ecclesiasticis
418 2904 622 2962 collectionibus
636 2907 686 2961 iam
702 2907 807 2962 inventa
822 2901 930 2980 sunt.*)

223 3107 247 3165 ⁸)
265 3102 403 3152 Eiusmodi
419 3099 570 3162 frustulum,
589 3105 690 3165 partem
707 3103 738 3162 §i
754 3103 778 3155 8.
794 3102 816 3150 Ι.
835 3101 867 3151 de
882 3116 932 3156 ror.
950 3101 1003 3155 div.
1022 3099 1055 3166 (ἓ.
1070 3101 1105 3165 1),

157 3187 224 3236 queo
241 3172 270 3220 in
287 3168 431 3234 Polycarpi
449 3167 633 3218 collectionem
651 3171 724 3218 circa
742 3169 849 3218 initium
865 3184 918 3224 sec,
935 3168 989 3217 XII
1006 3167 1106 3218 fectum

156 3239 284 3302 migravit
301 3237 462 3302 nequedum,
485 3239 515 3283 ut
537 3234 655 3298 videtur,
677 3235 713 3285 ed
735 3237 819 3285 crisin
836 3236 1042 3286 Institutionum
1059 3236 1106 3284 od-

155 3305 243 3356 hibite
270 3311 327 3369 est,
359 3303 459 3368 publici
484 3303 552 3352 iuris
583 3301 646 3351 iecit
678 3303 768 3352 Herm.
803 3302 914 3352 Hueffer
942 3301 1028 3351 Bcitr.
1058 3317 1106 3351 nur

156 3371 252 3428 Geeclr,
276 3373 301 3423 d.
324 3371 439 3433 Quellen
464 3370 489 3424 d,
511 3369 654 3419 Kirchenr.
677 3371 958 3433 Bonn.1862.p.86.
995 3367 1059 3417 Sola
1076 3370 1105 3416 in

156 3456 188 3490 oa
212 3440 293 3491 lectio
318 3445 414 3488 notatu
439 3437 522 3502 digua
548 3441 639 3487 ‘sacre
660 3431 774 3486 ecclesie
798 3435 934 3486 edificete'
958 3441 1050 3499 aperte
1073 3449 1106 3482 ex

155 3507 268 3572 vulgate.
285 3511 390 3557 ‘aecrce
408 3506 490 3554 aedes
509 3503 683 3555 aedificetec'
702 3509 767 3553 neta
783 3507 832 3558 ost,
