2492 3896
354 211 390 246 nx
409 210 565 248 anemonas
583 211 773 248 msmuunxnrs
791 197 827 261 Il,
847 199 886 252 14.
1055 195 1098 259 69

141 353 229 421 natis,
249 351 298 407 sed
313 354 391 407 etiam
406 352 539 426 postumia
554 351 718 423 introduxit,
739 361 769 408 ut
785 370 894 425 omues,
915 353 970 408 sire
984 354 1026 408 sui
1041 353 1097 408 sive

142 436 306 508 emancipati
317 443 397 507 sunt,
417 444 463 491 aut
478 435 590 492 heredes
605 438 782 492 instituantur
796 431 860 492 aut¹
881 438 1037 493 nominatim
1052 451 1096 492 cx-

141 520 309 576 heredeubur
330 527 358 574 et
379 519 491 575 eundem
513 518 628 575 habeant
644 519 766 576 ellectum
787 522 856 577 circa
877 529 1036 577 testamenta
1051 536 1097 594 pa·

142 611 251 659 rentum
267 619 379 658 suorum
393 601 550 660 infirmanda
571 609 598 658 ot
618 603 793 659 hereditatem
807 604 996 677 auferendam,
1016 620 1095 678 quem

142 686 196 742 lilii,
207 688 250 742 sni
264 686 306 742 vel
322 687 478 760 emancipati
492 686 601 757 habeut,
616 688 672 742 sive
686 688 738 743 iam
753 688 806 743 nati
821 697 885 744 sunt
899 690 954 744 sire
969 688 1055 744 adhuc
1069 690 1097 744 in

142 779 223 826 utero
238 771 396 841 constituti,
416 777 511 844 postea
526 771 580 826 uati
595 778 667 829 suut.
700 772 767 828 circ.
781 770 921 844 adoptivos
935 780 1024 827 autem
1039 788 1097 828 cer·

142 871 201 911 ram
212 854 367 910 induximus
386 855 558 924 divisionem,
578 871 645 928 quae
664 856 859 911 constitutione
873 863 965 910 nostra
973 848 997 925 ,²
1017 871 1096 927 quam

140 954 226 1011 super
240 937 371 1010 adoptivis
382 938 505 1010 tulimus,
528 940 691 995 continetur.
722 937 775 994 Sed
789 938 812 993 si
833 938 1002 1012 expeditione
1017 955 1096 994 occu·
1114 945 1129 993 6

141 1030 225 1097 patus
244 1021 322 1077 miles
341 1029 530 1078 testamentum
544 1021 624 1078 lauat
645 1031 672 1078 et
692 1021 790 1078 liberos
805 1039 869 1078 suos
889 1023 941 1078 iam
962 1029 1039 1077 natos
1055 1021 1097 1078 vel

142 1113 289 1180 postumus
302 1107 455 1161 nominatim
471 1122 526 1161 nou
540 1105 753 1177 exheredaverit,
768 1105 816 1161 sed
830 1106 937 1162 silentio
952 1107 1097 1178 praeterie-

141 1192 196 1260 rit,
218 1205 274 1244 non
289 1190 431 1262 ignorans,
450 1204 487 1244 an
507 1188 604 1245 habeat
623 1188 740 1262 liberos,
762 1190 899 1246 silentium
913 1192 971 1245 eius
986 1205 1036 1262 pro
1052 1205 1097 1244 ex·

141 1272 324 1330 beredatioue·
334 1273 490 1328 nominatim
506 1272 576 1329 lacta
590 1273 678 1328 valere
693 1274 932 1330 constitutionibus
947 1273 1097 1346 principum

142 1365 254 1414 cautum
268 1363 321 1411 est.
349 1356 433 1412 lister
445 1356 487 1412 vel
497 1372 562 1412 avus
574 1364 708 1412 maternus
722 1373 833 1412 necesse
847 1374 903 1413 non
917 1356 1016 1412 habent
1030 1356 1096 1412 libe·
1115 1364 1129 1411 'i

141 1458 191 1497 ros
212 1456 278 1495 suos
299 1446 345 1494 aut
364 1439 477 1496 heredes
498 1441 640 1496 instituere
662 1448 708 1495 aut
722 1440 899 1510 exheredare,
919 1440 967 1495 sed
982 1447 1097 1512 possunt

142 1541 194 1580 eos
209 1524 342 1580 omittere.
371 1539 432 1579 narn
446 1523 582 1579 silentium
593 1525 684 1578 matris
700 1531 746 1579 aut
756 1525 797 1579 evi
812 1524 922 1578 materni
933 1530 1100 1578 ceterorum-

142 1623 198 1680 que
213 1623 264 1680 per
279 1614 391 1662 matrem
405 1606 606 1664 ascendentium
622 1615 724 1662 tantum
744 1607 822 1677 lacit,
844 1615 972 1680 quantum
988 1606 1099 1662 exhere-

142 1691 220 1748 datio
236 1691 330 1764 panis.
365 1691 538 1764 nequeenim
553 1692 632 1746 matri
651 1689 733 1746 filium
749 1688 862 1746 filiamve
876 1706 964 1763 neque
980 1706 1028 1745 avo
1044 1706 1099 1744 ma·

142 1784 225 1832 terno
240 1779 365 1848 nepotem
380 1782 520 1848 neptemre
535 1790 568 1829 ex
582 1772 652 1846 filia,
670 1776 694 1830 si
714 1791 775 1831 euxn
797 1790 886 1830 eamve
900 1774 1027 1831 heredem
1042 1790 1099 1830 non

141 1861 279 1928 instituat,
294 1857 455 1914 exheredare
465 1873 577 1915 necesse
587 1867 638 1930 est,
653 1860 709 1914 sire
724 1858 757 1914 de
772 1861 830 1914 iure
845 1858 914 1914 cirili
929 1874 1099 1930 quaeramus,

142 1945 200 1999 sive
216 1941 251 1998 de
263 1941 350 1998 edicto
367 1943 515 2014 praetoris,
538 1958 592 2014 quo
607 1943 759 2014 praeteritis
780 1941 870 1998 liberis
885 1950 978 1997 contra
993 1940 1098 1997 tabulas

142 2027 281 2083 bonorum
301 2025 501 2098 possessionem
522 2026 666 2099 promittit.
701 2025 750 2081 sed
766 2024 836 2081 aliud
856 2025 894 2080 eis
910 2023 1098 2080 adminiculum

142 2117 285 2181 servatur,
300 2109 373 2182 qnod
387 2108 469 2182 paulo
484 2119 548 2182 post
562 2107 637 2164 vobis
652 2107 820 2164 manifestum
836 2105 892 2163 fiat.

556 2317 613 2359 m.
626 2317 689 2359 xlv.

340 2403 390 2454 DE
408 2403 619 2455 HEREDIBUS
636 2402 898 2457 INSTITUENDIS.

207 2525 330 2584 Heredes
355 2527 498 2581 instituere
523 2526 682 2599 permissum
708 2533 749 2582 cst
774 2534 828 2582 tam
855 2525 953 2584 liberos
975 2527 1097 2583 homines
1110 2545 1145 2586 es.

141 2628 225 2686 quam
239 2626 333 2666 serven
348 2618 401 2665 tam
416 2610 541 2682 proprios
557 2602 636 2682 quain
650 2610 760 2668 alienos.
788 2611 913 2683 proprios
928 2617 1016 2666 autem
1032 2610 1097 2666 olim

142 2696 253 2770 quidem
276 2693 423 2749 secuudum
445 2692 562 2766 plurium
590 2694 735 2749 sententias
757 2709 811 2749 nou
835 2693 913 2750 aliter
935 2709 1012 2765 quam
1035 2709 1095 2747 cum

140 2779 269 2836 libertate
283 2784 359 2834 recta
371 2777 513 2832 instituere
528 2775 634 2833 licebat.
677 2777 757 2832 hodie
771 2792 834 2832 vero
850 2777 928 2831 etiam
943 2777 1000 2830 sine
1015 2774 1095 2830 iiber-

142 2871 200 2920 tate
213 2877 248 2918 ex
262 2869 355 2917 nostra
370 2852 584 2917 constitutione³
598 2859 709 2916 heredes
724 2876 771 2916 eos
783 2861 921 2914 instituere
936 2859 1096 2930 permissum

142 2953 195 3002 cst.
241 2944 314 3019 quod
329 2960 385 2999 non
398 2959 448 3016 per
461 2945 657 2999 innovationem
673 2943 841 3013 induximus,
863 2942 910 2997 sed
926 2942 1050 3014 quoniam
1067 2949 1095 2998 et

140 3032 255 3103 aequius
271 3036 328 3084 erat
342 3037 369 3083 et
383 3026 506 3084 Atilicino
521 3026 652 3101 placuisse
666 3026 765 3083 Paulus
779 3027 835 3082 suis
850 3023 940 3096 libris,
957 3040 1025 3098 quos
1041 3033 1096 3082 tam

210 3257 232 3323 ¹)
253 3255 292 3307 Tb
303 3257 367 3307 Wu
387 3255 497 3321 Theopb.
516 3261 543 3306 ct
557 3259 673 3320 plerique
690 3257 763 3305 codd.
781 3256 857 3318 inser.
876 3258 902 3305 ct
921 3253 1028 3316 (omissis
1043 3256 1094 3304 illis

142 3330 191 3376 aut
207 3325 235 3376 h.
251 3325 270 3380 i.
288 3322 347 3388 eui)
365 3321 418 3372 Bc
434 3325 474 3373 ed.
492 3323 543 3372 Kr.
627 3321 648 3385 ²)
666 3324 779 3386 plenique
801 3323 876 3372 codd.
898 3322 974 3384 infer.
988 3322 1095 3372 'eonsti-

141 3394 245 3444 tutioni
266 3395 377 3442 nostrae
397 3392 472 3444 codd.
493 3397 541 3441 nei.
564 3391 621 3440 edd.
640 3389 712 3444 Scir.
735 3396 760 3439 et
779 3389 826 3439 Kr.
845 3396 883 3439 est
905 3388 936 3444 L.
956 3392 994 3440 10.
1016 3388 1043 3440 6.
1061 3390 1093 3439 dc

140 3463 231 3526 adopt.
248 3455 288 3524 (l,
299 3461 332 3508 47
344 3461 378 3510 al.
390 3457 442 3521 48).
510 3455 531 3520 ³)
549 3458 582 3509 L.
601 3457 625 3506 ὅ.
644 3456 675 3508 0.
690 3459 721 3508 dc
738 3473 865 3509 accessor.
882 3457 970 3507 bared.
988 3454 1023 3520 (6,
1041 3455 1093 3518 27).
