2500 3890
141 238 202 303 196
326 258 360 292 nu
379 257 465 292 ronna
483 258 589 292 rameru
608 257 790 293 cruroaurrnu
806 242 852 304 tv,
872 244 910 292 16.

139 395 220 451 bodie
234 395 335 452 dicere:
356 413 417 452 nam
438 397 564 470 quotiens
586 405 660 452 entra
676 397 797 453 ordinem
811 398 852 451 ius
868 396 981 463 dicitur,
1002 395 1089 468 qualia

139 487 204 534 suut
224 479 304 535 hodie
324 482 411 536 omnia
430 480 542 552 iudicia,
564 498 619 537 uon
634 488 676 536 est
690 497 800 536 necesse
814 480 890 536 reddi
904 479 1088 549 interdictum,

139 561 187 618 sed
201 563 312 636 perinde
331 564 465 620 iudicatur
483 566 541 619 sine
555 564 721 635 interdictis,
739 571 819 636 atque
839 566 862 619 si
877 564 950 620 utilis
971 565 1041 619 actio
1058 579 1091 618 ex

139 662 218 701 causa
233 646 366 704 interdicti
381 648 484 703 reddita
499 647 603 704 fuisset.

550 858 606 898 TIT.
620 858 681 899 xvl.

299 943 347 992 Du
366 943 489 993 POENA
506 943 656 994 TEMERE
672 941 920 992 LITIGANTIUM.

90 1071 125 1112 Pr-
201 1063 277 1119 Nune
296 1064 454 1119 admonendi
475 1080 582 1134 sumus,
605 1080 727 1135 magnam
748 1080 837 1119 curam
853 1065 942 1136 egisse
957 1079 1021 1134 eos,
1043 1065 1090 1134 qui

138 1149 196 1202 iura
208 1147 388 1217 sustinebant,
404 1164 437 1202 ue
455 1147 529 1203 facile
540 1148 662 1203 homines
679 1146 711 1202 ad
726 1146 884 1220 btigandum
897 1146 1089 1220 procederentz

141 1230 212 1303 quod
229 1239 255 1286 et
268 1230 346 1286 nobis
361 1231 450 1287 studio
467 1239 517 1286 est.
548 1230 627 1304 idque
644 1247 676 1286 eo
692 1230 803 1286 maxime
818 1228 875 1284 lieri
890 1237 996 1302 potest,
1016 1229 1090 1302 quod

140 1315 275 1370 temeritas
298 1322 351 1369 tam
373 1316 508 1388 agentium
537 1330 615 1388 quam
637 1330 747 1383 eorum,
775 1329 834 1368 cum
857 1313 953 1387 quibus
975 1307 1089 1386 agitur,¹

138 1397 219 1453 modo
240 1399 391 1470 pecuniaria
412 1414 514 1472 poena,
543 1398 622 1453 modo
644 1397 815 1453 iurisiurandi
836 1397 981 1471 religione,
1009 1396 1089 1453 modo

107 1487 121 1533 1
139 1488 212 1536 metu
233 1481 355 1537 infamiae
376 1490 526 1542 coercetur.
568 1481 635 1537 Ecce
656 1483 726 1538 enim
747 1479 932 1536 iusiurandum
955 1481 1091 1552 omnibus,

138 1566 183 1637 qui
198 1567 403 1636 conveniuntur,
418 1582 450 1620 ex
465 1574 557 1621 nostra
571 1558 784 1621 constitutione²
799 1563 934 1619 defertur:
950 1580 1010 1620 uam
1026 1580 1090 1619 reus

139 1664 193 1703 nou
208 1648 285 1704 aliter
299 1651 355 1704 suis
370 1647 574 1722 allegationibus
591 1651 691 1718 utitur,
706 1649 758 1702 nisi
772 1648 846 1721 prius
860 1648 1001 1718 iuraverit,
1017 1648 1090 1720 quod

138 1739 250 1803 putans,
265 1748 295 1787 se
309 1731 378 1786 hona
392 1734 517 1787 instantia
532 1733 588 1803 uti,
608 1731 640 1786 ad
655 1730 888 1787 contradicendum
903 1733 1034 1803 pervenit.
1063 1741 1090 1786 at

137 1813 263 1870 adversus
290 1813 433 1869 infitiantes
460 1831 491 1870 er
517 1813 673 1887 quibusdam
701 1816 787 1869 causis
817 1808 912 1887 dupli³
934 1816 1003 1870 actio
1025 1831 1090 1870 con·

137 1898 269 1969 stituitur,
293 1897 374 1953 veluti
396 1899 419 1953 si
441 1897 527 1953 damni
547 1898 659 1952 iniuriae
680 1905 726 1952 aut
747 1896 899 1969 legatorum
920 1897 986 1953 locis
1010 1914 1090 1954 vene-

137 1979 264 2036 rabilibus
286 1982 442 2037 relictorum
461 1983 570 2038 nomine
590 1983 687 2054 agitur.
726 1974 834 2036 istatim
849 1990 937 2037 autem
959 1981 991 2037 ab
1011 1983 1090 2038 initio

137 2064 222 2136 pluris
242 2082 321 2137 qnam
341 2065 430 2139 siurpli
449 2073 491 2121 est
511 2067 580 2120 actio
600 2065 682 2120 veluti
702 2064 767 2120 furti
787 2065 921 2121 manifesti
934 2065 1090 2138 quadrupli,

137 2163 188 2204 uec
206 2148 339 2204 manifesti
368 2148 456 2222 dupli:
478 2165 538 2204 nam
559 2149 652 2204 erbis
673 2150 759 2204 causis
784 2157 810 2202 et
836 2148 893 2203 aliis
919 2144 1089 2222 quibusdam,

136 2233 192 2287 sive
215 2234 274 2304 quis
296 2241 378 2305 neget
399 2234 453 2287 sive
476 2232 607 2302 fateatur,
629 2231 713 2305 pluris
736 2247 815 2305 quam
837 2231 924 2305 simpli
944 2240 985 2287 est
1007 2234 1088 2288 actio.

136 2315 199 2369 item
215 2317 314 2370 actoris
329 2331 436 2388 quoque
451 2315 580 2371 calumnia
600 2324 755 2372 coercetur:
777 2331 837 2370 nam
853 2318 932 2370 etiam
947 2324 1023 2372 actor
1038 2332 1089 2390 pro

137 2397 266 2452 calumnia
288 2401 376 2453 iurare
403 2400 511 2472 cogitur
538 2415 570 2454 ex
590 2408 683 2454 nostra
705 2400 908 2455 constitutione.
946 2401 1090 2472 utriusque

137 2482 215 2535 etiam
237 2483 321 2554 partis
343 2483 462 2538 advocati
477 2482 660 2538 iusiurandum
674 2482 805 2552 subeunt,
829 2481 902 2555 quod
922 2482 973 2538 alia
995 2471 1101 2538 nostra'

1229 2587 1232 2647 l

139 2646 337 2653 ——.—..

206 2760 226 2824 ¹)
243 2764 312 2812 motti
328 2764 401 2812 codd.
424 2761 500 2823 infer.
520 2765 644 2824 ageretur
666 2762 741 2810 codd.
758 2767 806 2810 bet.
823 2762 883 2812 edd.
902 2761 975 2815 Seftr.
995 2770 1020 2811 et
1037 2762 1088 2817 Kr,

137 2827 158 2892 ²)
176 2829 208 2883 L,
226 2832 241 2877 2
259 2845 299 2893 pr.
323 2829 350 2878 0.
373 2831 404 2879 de
425 2830 498 2878 iuret.
519 2835 607 2891 propt.
628 2831 675 2876 cal.
694 2828 728 2891 (2,
747 2829 781 2878 te
797 2830 830 2876 al.
848 2827 900 2892 59.)
921 2845 967 2892 pp.
990 2833 1090 2894 quidem

136 2896 192 2947 1111
210 2899 257 2945 eal.
275 2897 380 2961 Aepuot.
399 2913 423 2949 a.
441 2897 499 2956 534,
516 2897 563 2945 aed
578 2902 605 2944 att
622 2911 657 2945 eae
674 2895 697 2943 ft.
715 2898 732 2944 l.
748 2901 835 2958 patet,
854 2911 920 2945 anno
938 2904 997 2946 ante
1015 2898 1087 2947 daia.

137 2961 158 3026 ³)
176 2965 213 3012 eie
230 2966 300 3012 multi
315 2965 390 3013 codd.
407 2963 482 3022 infer.
506 2963 550 3011 vel
568 2962 643 3025 tripli
665 2963 762 3011 addunt
778 2964 851 3012 codd.
870 2969 917 3011 oet.
935 2964 993 3017 edd.
1012 2962 1087 3016 Scir.

137 3036 164 3079 et
180 3031 230 3083 Kr.
253 3030 330 3079 cerba
354 3047 389 3080 em
410 3030 533 3092 Tfreopb,
556 3036 583 3078 ref
600 3030 711 3092 uidetur,
730 3030 901 3092 imprudenter
917 3031 1089 3094 interpolata:

136 3113 193 3146 nam
204 3099 225 3146 ia
236 3099 335 3160 utrique
351 3097 407 3146 braic
416 3097 506 3160 penert'
518 3097 657 3160 praemittit
674 3096 779 3144 ftoecce:
798 3089 863 3145 Elui
877 3092 909 3145 δέ
922 3112 996 3154 τινες
1015 3089 1088 3162 ἄνω-

137 3159 196 3228 pot,
216 3161 323 3220 αἵτινες
336 3159 377 3222 εἰς
389 3159 420 3213 τὰ
435 3162 566 3225 διπλοῦν,
583 3156 672 3227 ἤγουν
686 3160 726 3220 εἰς
738 3155 769 3212 τὸ
782 3161 917 3226 τριπλοῦν
930 3155 1032 3227 (ἤγουν
1046 3160 1089 3222 εἰς

138 3226 169 3279 τὸ
187 3229 364 3291 τετραπλοῦν
381 3234 413 3279 af.
431 3231 512 3292 codd,
529 3238 556 3280 ut
573 3237 711 3292 appareat,
727 3231 844 3292 primitus
861 3235 989 3295 utrumque
1005 3231 1088 3292 satirae

136 3297 266 3360 scriptum)
279 3292 431 3348 ποιοῦνται
444 3288 496 3360 τὴν
508 3295 675 3359 καταδίκην.
698 3303 836 3361 aequantur
852 3299 878 3346 ia
890 3299 990 3360 duplam
1008 3299 1088 3348 actio·

137 3379 181 3412 nee
198 3367 319 3414 adversae
340 3367 489 3428 insilientes,
512 3366 602 3415 deinde
623 3367 650 3414 in
669 3367 727 3428 plus
749 3380 821 3428 quam
841 3365 952 3428 simplum
975 3367 1089 3415 actiones

137 3433 349 3546 ppigrnlpgaeraoa
366 3434 519 3495 confitentes.
605 3429 627 3495 4)
646 3437 845 3486 ...coercetur
859 3431 918 3495 sere
935 3451 968 3474 --
987 3429 1041 3482 Gai.
1060 3435 1087 3496 4,
