2472 3896
165 175 207 240 32
257 192 293 226 nn
309 189 538 228 excussurosrnus
556 186 686 226 rnronurr
702 188 755 224 vrn
771 186 935 224 cuuronurs
951 172 974 236 1,
995 173 1039 227 25.

165 340 240 405 suut,
263 349 277 390 a
300 331 384 388 tutela
398 339 426 387 et
440 346 503 388 cura
522 337 692 386 excusantur.
736 326 785 384 sed
800 336 827 386 et
841 329 865 384 si
885 327 995 384 luerunt
1017 335 1143 384 tutores

165 417 209 472 vel
224 423 375 485 curatores,
397 412 494 470 deinde
515 415 555 471 rei
577 413 697 487 publicae
719 428 798 468 causa
813 411 907 468 abesse
925 420 1094 484 coeperunt,
1124 429 1143 468 a

166 498 252 556 tutela
267 507 295 556 et
309 513 373 554 cura
387 507 558 567 excusantur,
581 505 712 570 quatenus
727 496 765 552 rei
781 493 902 568 publicae
923 511 999 552 musa
1015 494 1138 566 amant,

166 589 195 639 et
214 583 318 638 interea
339 589 447 638 curator
468 580 529 642 loco
552 597 645 637 eorum
667 580 755 640 datur.
800 580 845 653 qui
860 581 883 634 si
897 580 997 636 reversi
1012 577 1138 651 luerint,

166 666 300 738 recipiunt
316 679 384 722 onus
399 664 501 725 tutelae
516 682 566 722 nee
580 666 642 721 anni
657 663 756 720 hahent
770 665 947 733 vacationem,
968 671 999 720 ut
1015 662 1136 736 Papini-

167 764 234 804 anus
247 765 442 822 responsurum
456 748 525 806 libro
541 749 637 824 quinto
652 749 772 821 scripsit:
795 762 855 802 uam
875 747 928 802 hoc
944 748 1063 820 spatium
1081 748 1135 804 ha-

133 830 1133 904 ammmmmmwmmifflmwmmwfflmmm

166 914 239 988 heut,
255 933 381 974 excusare
396 931 425 974 se
439 926 563 990 possunt,
581 924 610 971 ut
624 915 699 971 diuus
709 914 812 972 llarcus
826 916 974 989 rescripsit,
995 913 1044 970 sed
1061 931 1133 972 coe-

132 1008 149 1054 4
166 1007 239 1073 ptam
256 1001 367 1057 tutelam
379 1000 503 1058 deserere
516 1018 570 1058 non
582 991 727 1073 possunt.¹
748 998 814 1054 ltem
825 1005 936 1071 propter
947 998 1032 1068 litem,
1043 1015 1132 1070 quam

166 1098 228 1140 cum
248 1084 350 1159 pupillo
372 1084 413 1140 vel
436 1083 528 1140 adulto
551 1093 625 1141 tutor
645 1083 686 1140 vel
705 1089 815 1139 curator
834 1081 923 1154 habet,
944 1097 1075 1138 excusare
1100 1101 1132 1139 se

167 1183 246 1224 nemo
261 1175 371 1240 potesta
388 1167 439 1228 nisi
461 1167 531 1226 iorte
546 1167 581 1224 de
599 1165 720 1224 omnibus
736 1165 814 1222 bonis
833 1165 876 1220 vel
891 1165 1041 1222 hereditate
1056 1183 1131 1224 con·

133 1258 150 1307 o
167 1252 298 1306 troversia
313 1251 357 1308 rit.
385 1251 451 1306 ltem
468 1253 518 1308 tria
532 1267 614 1308 onera
637 1250 737 1306 tutelae
758 1266 812 1306 nou
827 1248 964 1306 affectatae
984 1249 1027 1306 vel
1042 1265 1130 1306 curae

167 1343 304 1406 praestant
319 1335 493 1405 vacationem,
509 1335 636 1412 quamdiu
650 1333 881 1390 administrantur:
905 1341 936 1389 ut
957 1339 1046 1388 tamem
1061 1333 1130 1406 plu-

167 1418 236 1473 rium
258 1417 422 1492 pupillorum
443 1419 528 1475 tutela
549 1418 591 1476 vel
613 1434 676 1474 cura
697 1416 844 1473 eorundem
866 1415 1014 1487 bonorum,
1038 1417 1131 1476 veluti

133 1509 150 1558 6
166 1500 289 1574 fratrum,
304 1519 354 1577 pro
370 1520 422 1558 una
436 1511 618 1576 computetur.
648 1501 700 1558 Sed
713 1509 740 1556 et
750 1507 863 1574 propter
876 1509 1063 1574 paupertatem
1079 1519 1129 1557 ex·

168 1588 332 1642 cusationem
354 1585 435 1642 tribui
455 1592 510 1641 tam
531 1587 582 1642 divi
602 1586 698 1641 iratres
719 1601 798 1657 quam
819 1600 867 1658 per
882 1600 911 1639 se
926 1584 1001 1639 divus
1017 1583 1128 1642 llarcus

168 1671 314 1742 rescripsit,
338 1671 359 1724 si
382 1671 441 1743 quis
462 1671 590 1742 imparem
612 1685 641 1725 se
662 1670 739 1724 oneri
760 1669 880 1723 iniuncto
902 1668 990 1741 possit
1012 1667 1126 1726 docere.

135 1750 232 1810 ‘litem
255 1759 368 1825 propter
389 1751 525 1808 adversam
547 1753 734 1821 valetudinem,
756 1761 869 1825 propter
891 1767 970 1825 quam
992 1767 1043 1808 uec
1064 1755 1127 1810 suis

134 1845 150 1894 8
168 1835 275 1906 quidem
286 1836 402 1909 negotiis
413 1837 543 1892 interesse
558 1845 659 1911 potest,
673 1836 807 1891 excusatio
820 1833 908 1890 locum
927 1834 1015 1891 habet.
1044 1836 1127 1893 Simi-

168 1917 232 1974 liter
246 1935 317 1992 eum,
342 1921 386 1992 qui
407 1919 510 1976 litteras
530 1921 654 1987 nesciret,
678 1917 858 1976 excusandum
873 1935 942 1990 esse,
965 1919 1042 1977 divus
1057 1920 1125 1978 Pius

167 2004 319 2077 rescripsit:
343 2005 461 2076 quamvis
484 2011 512 2060 et
533 2004 650 2077 imperiti
665 2004 815 2060 litterarum
830 2010 945 2075 possunt
960 2003 994 2059 ad
1008 2002 1124 2062 admini-

133 2099 149 2148 9
167 2089 323 2144 strationem
338 2089 509 2163 negotiorum
529 2086 663 2146 sulficere.
698 2086 764 2142 ltem
785 2087 809 2142 si
829 2096 943 2160 propter
956 2088 1122 2146 inimicitiam

167 2170 282 2244 aliquem
295 2179 458 2228 testamento
473 2181 591 2229 tutorem
605 2180 682 2246 pater
696 2169 808 2236 dederit,
832 2170 885 2228 hoc
898 2173 986 2243 ipsum
1000 2179 1123 2244 praestat

168 2255 192 2308 ei
207 2257 421 2312 excusationem:
443 2257 513 2314 sicut
528 2255 755 2331 percontrarium
770 2270 825 2310 non
840 2263 1012 2326 excusantur,
1029 2258 1076 2328 qui
1091 2273 1121 2313 se

117 2351 149 2400 10
166 2336 278 2392 tutelam
299 2340 368 2411 patri
390 2339 554 2411 pupillorum
577 2339 808 2396 administraturus
830 2341 1022 2410 promiserunt.
1059 2338 1121 2397 Nou

169 2435 229 2476 esse
239 2429 327 2476 autem
336 2421 524 2478 admittendam
534 2425 733 2480 excusationem
744 2423 813 2491 eius,
831 2424 877 2494 qui
887 2422 940 2479 hoc
951 2421 1010 2478 solo
1023 2424 1120 2497 utitur,

168 2502 242 2577 quod
255 2505 368 2577 ignotus
382 2507 450 2577 patri
465 2506 629 2579 pupillorum
649 2507 699 2576 sit,
722 2505 774 2562 divi
793 2504 891 2562 iratres
911 2509 1120 2579 rescripserunt.

118 2605 146 2652 11
165 2586 333 2659 Inimicitiae,
363 2603 428 2661 quas
451 2591 592 2662 quiscum
614 2598 691 2665 patre
718 2588 880 2663 pupillorum
902 2591 945 2646 vel
967 2591 1120 2649 adultorum

165 2673 294 2743 exercuit,
310 2673 333 2728 si
348 2672 473 2745 capitales
489 2672 598 2730 luerunt
612 2691 662 2730 uec
676 2673 856 2736 reconciliatio
872 2675 1026 2744 intervenit,
1047 2692 1062 2730 a
1078 2685 1120 2732 tu-

117 2772 148 2820 12
166 2754 220 2812 tela
235 2755 325 2813 solent
346 2771 480 2814 excusare.
506 2756 572 2814 ltem
591 2759 615 2813 si
634 2759 694 2831 quis
715 2764 801 2812 status
816 2760 1025 2814 controversiam
1041 2775 1055 2814 a
1070 2777 1119 2832 pu·

117 2857 148 2905 13
165 2840 293 2914 pillorum
308 2849 384 2915 patre
398 2857 493 2914 passus
513 2849 565 2911 est,
589 2849 761 2898 excusatura
776 2840 868 2898 tutela.
899 2841 965 2898 ltem
980 2843 1063 2899 maior
1077 2861 1118 2900 se

166 2925 306 2998 ptuagiuta
320 2927 397 2982 anuis
415 2941 431 2980 a
450 2924 535 2981 tutela
549 2925 671 2982 velcura
685 2941 715 2980 se
729 2933 822 3000 potest
836 2942 971 2984 excusare.
1000 2928 1118 2984 minores

166 3016 255 3064 autem
271 3010 365 3081 viginti
385 3017 412 3064 et
432 3010 550 3081 quinque
570 3011 646 3065 aunis
668 3009 730 3068 olim
751 3009 856 3082 quidem
872 3009 1082 3066 excusabuntur:
1104 3031 1118 3068 a

165 3100 260 3147 nostra
274 3100 363 3151 autem
378 3086 591 3148 constitutione²
606 3093 783 3166 prohibentur
798 3094 829 3149 ad
845 3094 955 3150 tutelam
970 3095 1013 3150 vel
1028 3111 1117 3153 curam

164 3177 290 3249 aspirare,
305 3175 372 3231 adeo
387 3185 418 3230 ut
432 3192 482 3234 nec
497 3180 667 3236 excusatione
683 3195 751 3251 opus
766 3175 821 3234 fiat.
857 3194 909 3251 qua
924 3180 1117 3238 constitutione

235 3369 254 3435 ¹)
273 3393 307 3414 =
325 3373 356 3422 L.
375 3373 406 3421 21
424 3389 465 3435 pr.
484 3373 517 3422 D.
534 3374 566 3423 de
584 3389 670 3427 earcuo.
689 3381 734 3426 tut.
753 3373 805 3435 (ut,
825 3371 850 3436 1)
869 3388 904 3424 eac
921 3374 1052 3426 Marciani
1068 3379 1083 3427 l.
1102 3379 1118 3428 2

166 3439 245 3488 tortu.
314 3435 334 3498 ²)
353 3439 384 3488 L.
403 3441 427 3489 5.
446 3439 473 3488 0.
492 3441 524 3489 de
542 3442 609 3505 tepor.
626 3449 671 3495 tot.
690 3439 725 3505 (5,
744 3439 797 3502 30).
1210 3461 1211 3470 2
