2472 3896
138 162 178 223 14
493 176 528 209 nn
546 175 650 212 normis
663 161 685 224 I,
701 165 739 216 10.

136 316 210 391 plum
226 314 294 372 filiae
309 316 404 371 iuriosi
419 313 503 371 filium
519 331 628 388 quoque
644 332 725 388 posse
736 317 830 372 etsine
841 318 928 389 patris
939 317 1104 373 interventu

136 401 335 457 matrimonium
358 398 407 454 sibi
430 398 557 471 copulare
580 399 726 455 secundum
741 397 832 456 datum
847 417 879 456 ex
895 401 1105 457 constitutione

136 484 255 540 modum.

103 577 117 626 1
201 560 295 639 ¹iirgo
311 582 364 622 uon
381 582 474 622 omues
490 567 567 622 nobis
583 583 683 622 uxores
697 565 795 622 ducere
806 567 883 624 licet:
899 584 958 623 nam
974 583 1101 640 quarun-

137 649 196 706 dam
218 651 319 723 nuptiis
340 647 526 706 abstinendum
549 659 601 706 est.
630 652 759 708 intereas
775 653 844 706 enim
860 667 999 724 personas,
1024 669 1102 725 qnae

129 742 277 814 ¹pareutum
298 733 474 790 liberorumve
496 734 586 790 locum
609 735 680 790 inter
701 749 732 788 se
747 735 879 807 optinent,
903 737 1013 807 nuptiae
1028 751 1102 791 con-

137 817 205 872 trahi
228 833 282 872 non
305 826 430 890 possunt,
452 817 535 873 veluti
556 819 628 873 inter
649 824 751 890 patrem
772 825 799 873 et
821 817 901 873 filiam
916 818 957 872 rel
972 835 1049 874 avum
1068 829 1103 875 et

136 909 244 974 neptem
265 901 308 957 vel
330 909 439 960 matrem
464 909 491 956 et
514 899 597 956 filium
615 902 658 956 vel
679 902 762 955 aviam
778 910 805 957 et
819 910 946 975 nepotem
962 911 989 957 et
1005 919 1101 975 usque

136 984 168 1039 ad
191 983 338 1040 infinitum:
362 993 390 1040 et
411 986 434 1039 si
455 983 523 1039 tales
544 1000 675 1057 personae
691 986 762 1040 iuter
775 1000 805 1040 se
819 987 953 1056 coierunt,
975 985 1100 1042 nefarias

137 1077 216 1141 atque
236 1068 352 1124 incestas
372 1070 481 1140 nuptias
501 1070 665 1123 contraxisse
686 1067 821 1125 dicuntur.
852 1079 879 1123 et
893 1068 958 1124 haec
972 1068 1038 1124 adeo
1054 1071 1099 1126 ita

135 1161 210 1222 sunt,
231 1160 272 1222 ut,
292 1152 411 1224 quamvis
425 1167 474 1224 per
488 1150 659 1224 adoptionem
674 1161 814 1224 parentum
829 1151 1006 1209 liberorumve
1029 1153 1099 1211 loco

135 1234 185 1290 sibi
202 1251 260 1289 esse
274 1235 422 1307 coeperint,
443 1250 498 1289 non
518 1237 623 1306 possint
638 1237 709 1290 inter
724 1251 753 1290 se
768 1237 939 1292 matrimonio
956 1237 1040 1308 iungi,
1064 1239 1098 1293 in

136 1328 250 1393 tantum,
273 1328 303 1374 ut
324 1319 403 1373 etiam
425 1317 554 1374 dissoluta
574 1318 718 1392 adoptione
732 1318 802 1374 idem
819 1320 884 1375 iuris
900 1329 1019 1376 maneat:
1042 1321 1097 1375 ita·

136 1419 189 1475 que
217 1418 289 1470 eam,
322 1418 389 1475 quae
422 1400 469 1458 tibi
495 1419 544 1476 per
571 1402 743 1475 adoptionem
770 1401 822 1458 filia
851 1411 897 1458 aut
919 1404 1008 1477 neptis
1029 1420 1096 1460 esse

135 1489 271 1561 coeperit,
292 1503 347 1542 uon
374 1487 477 1559 poteris
499 1497 611 1542 unorern
634 1486 748 1558 ducere,
778 1487 898 1559 quamvis
920 1503 978 1542 eam
1001 1503 1096 1544 eman·

135 1571 272 1643 oipaveris.

103 1664 118 1710 2
198 1647 287 1708 ²iuter
303 1669 347 1708 eas
363 1669 471 1725 quoque
485 1669 624 1726 personas,
645 1668 713 1725 quae
728 1669 760 1708 en
775 1662 928 1709 transverso
943 1653 1030 1727 gradu
1045 1671 1093 1710 co·

135 1738 272 1809 gnationis
287 1736 447 1809 iunguntur,
470 1744 512 1791 est
527 1736 655 1808 quaedam
675 1736 768 1792 similis
790 1735 951 1802 observatio,
973 1738 1093 1794 sednon

135 1827 218 1875 tanta.
249 1835 311 1875 sane
327 1821 396 1874 euim
417 1819 487 1875 inter
502 1819 611 1874 fratrem
626 1835 801 1892 sororemque
816 1822 926 1894 nuptiae
940 1821 1094 1894 prohibitae

135 1912 210 1974 sunt,
232 1904 287 1958 sive
307 1901 339 1957 ab
360 1902 455 1958 eodeni
476 1911 550 1977 patre
570 1903 715 1976 eademque
731 1912 816 1960 matre
831 1906 885 1959 nati
901 1904 1014 1975 inerint,
1036 1906 1093 1960 sive

135 2004 167 2043 ex
182 1988 310 2043 alterutro
327 2003 430 2044 corum.
457 1987 505 2042 sed
520 1990 542 2043 si
558 2004 609 2059 qua
625 2003 673 2061 per
685 1987 856 2059 adoptionem
872 2005 951 2045 soror
966 1988 1014 2048 tibi
1029 2005 1093 2044 esse

135 2073 265 2146 coeperit,
288 2071 414 2143 quamdiu
436 2070 544 2145 quidem
566 2079 673 2127 constat
695 2070 812 2143 adoptio,
836 2089 901 2127 sane
922 2074 992 2127 inter
1015 2078 1042 2127 te
1064 2083 1094 2130 et

135 2172 192 2211 eam
207 2157 315 2229 nuptiae
330 2157 480 2212 consistere
495 2171 549 2211 uon
566 2163 694 2227 possunt;
718 2171 778 2210 cum
793 2171 857 2210 vero
878 2171 927 2228 per
942 2156 1093 2228 emancipa-

135 2240 236 2294 tionem
252 2238 360 2312 adoptio
377 2239 507 2294 dissoluta
522 2240 567 2310 sit,
589 2241 692 2312 poteris
707 2254 763 2293 earn
779 2254 889 2293 uxorem
905 2238 1018 2296 ducere:
1042 2239 1094 2294 sed

136 2332 162 2378 et
184 2323 206 2376 si
222 2329 252 2376 tu
268 2323 446 2395 emancipatus
462 2322 557 2393 fueris,
579 2323 644 2379 nihii
660 2329 702 2376 est
715 2322 904 2394 impedimento
920 2323 1029 2395 nuptiis.
1063 2331 1094 2379 et

133 2405 195 2460 ideo
211 2411 327 2474 constat,
347 2406 371 2459 si
386 2407 445 2478 quis
460 2422 588 2478 generum
605 2405 732 2479 adoptare
747 2404 821 2474 velit,
841 2404 938 2461 debere
954 2422 1014 2461 eum
1029 2416 1094 2462 ante

136 2486 216 2543 filiam
236 2503 310 2542 suam
332 2489 511 2561 emancipare:
535 2490 599 2544 etsi
615 2491 673 2561 quis
691 2489 754 2543 velit
768 2505 864 2543 nurum
881 2489 1020 2563 adoptare,
1042 2490 1091 2545 de-

103 2571 199 2629 3bere
222 2587 283 2626 eum
305 2580 366 2626 ante
389 2569 471 2627 filium
495 2574 670 2645 emancipare.
708 2571 808 2626 Fratris
830 2573 872 2628 vel
886 2575 991 2648 sororis
1010 2570 1092 2628 filiam

136 2671 247 2711 uxorem
267 2654 364 2711 ducere
384 2672 438 2711 non
459 2655 530 2712 licet.
559 2657 606 2711 sed
626 2672 675 2711 uec
695 2664 802 2727 neptem
825 2655 913 2711 fratris
929 2657 970 2712 vel
987 2659 1092 2712 sororis

136 2739 235 2796 ducere
252 2739 311 2812 quis
332 2747 434 2812 potest,
457 2741 575 2812 quamvis
598 2748 694 2813 quarto
718 2739 802 2812 gradu
823 2743 886 2796 sint.
924 2742 1000 2796 cuius
1020 2741 1091 2797 enirn

134 2822 216 2880 filiam
233 2840 342 2879 uxorem
358 2823 456 2880 ducere
467 2840 522 2878 non
534 2823 607 2893 iicet,
624 2826 681 2878 eius
695 2839 783 2895 neque
796 2832 903 2897 neptem
914 2826 1091 2897 permittitur.

135 2911 192 2964 eius
215 2925 278 2964 vero
300 2907 428 2978 mulieris,
452 2924 531 2982 quam
553 2917 629 2979 pater
644 2915 706 2962 tuus
722 2908 865 2980 adoptavit,
888 2906 967 2963 filiam
983 2924 1037 2963 non
1053 2910 1092 2963 vi·

136 2991 207 3047 deris
219 2992 340 3064 impediri
352 3008 461 3047 uxorem
476 2991 585 3060 ducere,
608 2993 668 3064 quia
684 3007 771 3064 neque
790 2992 905 3047 naturali
917 3007 1005 3064 neque
1020 2991 1092 3047 civili

102 3082 119 3129 4
135 3077 193 3130 iure
205 3074 251 3130 tibi
260 3076 442 3148 coniungitur.
471 3077 586 3129 fluorum
599 3083 686 3130 autem
698 3074 809 3131 fratrum
821 3076 863 3131 vel
875 3091 1001 3131 sororum
1013 3074 1092 3131 liberi

101 3176 118 3224 5
135 3158 176 3214 vel
192 3159 282 3214 fratris
298 3167 325 3213 et
339 3159 441 3213 sororis
452 3159 527 3231 iungi
543 3167 668 3231 possunt.
696 3159 761 3215 Item
772 3159 891 3230 amitam,
906 3159 970 3215 licet
986 3159 1092 3232 adopti-

136 3323 334 3331 -———---—

204 3417 223 3486 ι)
239 3421 297 3484 fe„
309 3441 342 3462 =
356 3420 411 3474 Gai,
432 3424 455 3478 1,
474 3423 592 3474 581-61,
662 3421 683 3485 ²)
699 3422 757 3485 sere
775 3442 808 3462 =
828 3420 882 3470 Gai.
902 3422 925 3483 1,
943 3421 983 3472 60.
1003 3421 1044 3474 21.
