2492 3896
138 181 198 244 122
312 199 348 233 on
366 197 493 234 eononuu
510 197 732 234 roesnssroumue
749 183 799 246 ΙΙΙ,
818 185 835 234 9
851 184 909 246 (10).

84 347 226 415 6(u)quam
246 347 354 412 praetor
379 339 507 412 proximis
535 340 658 412 cognatis
680 337 832 412 pollicetur.
869 337 987 412 Cumque
1008 345 1087 393 antea

134 423 248 496 septimo
271 422 331 477 loco
354 421 442 477 iuerat
456 422 588 478 bonorum
608 423 746 495 possessio
768 414 911 494 tanquam¹
934 437 966 475 ex
989 419 1089 476 familia

135 515 162 561 et
177 514 272 561 octavo
287 505 358 560 unde
378 504 456 561 liberi
475 507 581 578 patroni
601 515 785 580 patronaeque
799 513 827 560 et
842 511 967 578 parentes
981 520 1087 573 eorum,

134 596 277 660 utramque
295 605 344 662 per
362 591 584 645 constitutionem
604 597 723 645 nostram
730 581 754 658 ,²
775 603 853 662 quam
874 588 907 644 de
921 590 980 644 iure
995 597 1088 661 patro-

135 680 213 728 natus
226 671 348 742 fecimus,
362 674 470 745 penitus
484 674 667 729 vacuavimus:
683 689 741 728 cum
755 673 825 728 enim
841 672 872 727 ad
886 670 1088 727 similitudinem

134 757 313 812 successionis
329 758 507 828 ingenuorum
528 755 716 811 libertinorum
736 757 920 812 successiones
935 756 1086 828 posuimus,

135 855 200 912 quas
215 855 301 911 usque
317 838 349 894 ad
371 841 491 912 quintum
515 839 700 896 tantummodo
716 839 827 913 gradum
842 841 1033 908 coenavimus,
1057 846 1090 894 ut

134 923 170 978 sit
184 921 271 995 aliqua
285 923 356 979 inter
369 925 501 996 ingenuos
517 932 544 978 et
564 922 675 979 libertos
690 921 853 993 differentia,
874 915 1032 978 sufficiunt³
1047 923 1087 978 eis

134 1013 187 1061 tam
203 1014 297 1063 eontra
317 1004 421 1062 tabulas
442 1007 574 1062 bonorum
595 1008 732 1080 possessio
753 1022 831 1079 quam
847 1005 917 1061 unde
932 1005 1044 1078 legitimi
1059 1013 1089 1061 et

134 1088 206 1147 uude
220 1092 383 1163 cognatior
398 1089 496 1161 quibus
510 1091 615 1163 possint
629 1107 677 1146 sua
693 1091 750 1145 iura
764 1089 908 1160 vindicare,
923 1091 995 1144 omni
1008 1105 1087 1146 seru-

134 1173 280 1246 pulositate
291 1181 319 1229 et
330 1173 506 1229 inextricabili
520 1189 612 1229 errore
623 1173 733 1228 duarum
748 1174 859 1229 istarum
874 1173 1007 1229 bonorum
1021 1189 1087 1246 pos·

87 1264 140 1329 ab)
149 1257 298 1312 sessionum
313 1257 440 1312 resoluta.
467 1257 551 1312 Aliam
566 1273 629 1312 vero
644 1256 777 1313 bonorum
792 1259 1001 1330 possessionem,
1017 1272 1087 1329 quae

135 1339 206 1395 unde
226 1340 266 1395 vir
287 1347 313 1396 et
334 1356 402 1396 uxor
417 1341 566 1414 appellatur
585 1350 612 1397 et
632 1357 704 1397 nono
719 1340 780 1397 ioco
796 1343 866 1396 inter
881 1348 984 1395 veteres
998 1339 1087 1396 bono-

134 1440 194 1478 rum
213 1426 399 1497 possessiones
420 1426 513 1497 posita,
528 1425 629 1495 iuerat,
653 1426 727 1480 etin
748 1440 797 1481 suo
815 1424 907 1497 vigore
922 1425 1086 1480 servavimus

134 1516 162 1562 et
176 1507 269 1564 altiore
285 1508 356 1580 loeo,
371 1509 397 1564 id
412 1517 454 1564 est
468 1517 561 1580 sento,
575 1525 632 1564 eam
647 1509 801 1582 posuimus,
823 1506 923 1562 decima
938 1509 1022 1563 veteri
1037 1506 1087 1562 bo-

134 1607 230 1646 norum
258 1593 444 1664 possessione,
473 1608 540 1666 quae
567 1601 625 1649 erat
645 1593 715 1647 unde
743 1593 851 1665 cognati
872 1591 1086 1660 manumissoris,

134 1682 249 1747 propter
269 1692 363 1731 causas
384 1683 519 1732 enarratas
541 1677 637 1731 merito
651 1675 769 1731 subiate:
792 1684 823 1730 ut
837 1691 885 1730 sex
900 1674 1086 1730 tantummodo

134 1756 267 1812 bonorum
289 1760 474 1831 possessiones
496 1759 644 1814 ordinariae
659 1767 833 1830 permaneant
851 1774 901 1814 suo
917 1758 1010 1831 vigore
1026 1758 1087 1832 pol·

83 1833 240 1899 8(⁷)lentes.
277 1841 394 1914 Septima
416 1858 460 1897 eas
480 1849 587 1913 secuta,
610 1859 687 1915 quarn
708 1844 809 1915 optima
827 1843 932 1897 ratione
946 1851 1086 1914 praetores

134 1924 349 1980 introduxerunt.
384 1926 528 1982 novissime
555 1927 624 1982 enirn
645 1927 812 1999 promittitur
833 1926 921 1982 edicto
942 1925 983 1980 bis
1006 1928 1086 1982 etiarn

134 2005 268 2063 bonorum
283 2010 431 2081 possessio,
447 2009 543 2082 quibus
558 2019 588 2064 ut
602 2009 694 2080 detur,
718 2008 778 2082 iege
793 2009 835 2064 vel
850 2010 1086 2065 senatusconsulto

133 2090 176 2147 vel
198 2095 391 2150 constitutione
413 2094 634 2168 comprehensum
656 2102 713 2163 est,
742 2109 820 2165 quarn
841 2109 931 2166 neque
950 2091 1087 2149 bonorum

133 2176 364 2248 possessionibus,
388 2194 457 2251 quae
471 2177 503 2233 ab
518 2179 647 2234 intestato
660 2179 786 2246 veniunt,
801 2192 890 2249 neque
905 2179 953 2246 eis,
969 2193 1037 2248 quae
1052 2193 1086 2232 ex

133 2267 295 2316 testamento
311 2269 390 2333 sunt,
410 2270 519 2335 praetor
533 2260 621 2316 stabili
635 2263 695 2316 iure
712 2261 925 2329 connumeravit,
942 2259 989 2314 sed
1009 2262 1087 2333 quasi

134 2341 257 2398 ultimum
273 2353 300 2400 et
315 2344 550 2400 extraordinarium
565 2345 700 2414 auxilium,
716 2353 797 2417 prout
812 2359 855 2399 res
870 2343 965 2417 erigit,
980 2359 1086 2400 accom-

134 2426 251 2482 modavit
265 2427 367 2482 scilieet
380 2428 433 2497 his,
449 2429 494 2498 qui
509 2444 541 2482 en
556 2427 670 2500 iegibus,
686 2427 937 2499 senatusconsultu,
953 2429 1087 2484 constitu·
1162 2471 1166 2474 -

136 2508 252 2564 tionibus
266 2511 416 2583 principum
431 2527 464 2566 en
477 2528 547 2567 novo
562 2504 641 2566 iure⁴
660 2511 702 2566 vel
717 2527 750 2566 ex
764 2519 924 2566 testamento
940 2509 981 2565 vel
996 2509 1028 2565 ab
1043 2513 1086 2567 in-

82 2583 141 2652 9(⁸)
150 2601 247 2648 testato
274 2594 392 2650 veniunt.
435 2591 500 2648 Cum
527 2595 611 2667 igitur
634 2594 727 2667 piures
754 2596 856 2668 species
883 2595 1087 2651 successionum

133 2685 242 2749 praetor
263 2676 457 2732 introduxisset
477 2694 577 2749 easque
598 2694 646 2751 per
669 2678 786 2734 ordinem
809 2677 986 2752 disposuisset
1007 2687 1035 2734 et
1057 2680 1088 2734 in

134 2777 293 2833 unaquaque
302 2763 390 2832 specie
401 2761 578 2817 successionis
593 2777 672 2834 saepe
684 2762 775 2834 plures
788 2770 878 2818 extent
889 2761 988 2835 dispari
999 2762 1088 2834 gradu

133 2859 279 2918 personae:
300 2861 333 2899 ne
349 2850 466 2901 actiones
482 2845 642 2900 creditorum
664 2839 866 2918 differrentur,⁶
881 2846 927 2902 sed
944 2845 1087 2919 haberent,

134 2945 202 3000 quos
217 2929 403 3001 convenirent,
425 2937 453 2985 et
470 2945 504 2984 ne
524 2927 600 2984 facile
620 2930 646 2983 in
667 2930 865 3002 possessionem
880 2929 1012 2986 bonorum
1036 2930 1086 2986 de-

201 3172 221 3235 ¹)
239 3179 297 3224 tum
308 3190 386 3238 quom
399 3175 508 3240 Theopb.
518 3178 591 3226 codd.
602 3177 634 3225 de
644 3176 745 3224 Latinis
755 3176 829 3226 codd.
844 3176 878 3238 ef.
891 3192 919 3238 p.
930 3176 985 3226 121.
997 3181 1049 3224 not.
1060 3177 1083 3231 1.

134 3239 154 3301 ²)
174 3241 204 3291 L.
223 3244 246 3291 4.
266 3242 293 3291 0.
312 3245 343 3292 de
360 3246 377 3292 i.
395 3251 498 3306 patron.
518 3241 552 3306 (6,
565 3240 603 3307 4).
673 3241 693 3305 ³)
711 3242 736 3291 B
753 3245 792 3293 ed.
811 3242 861 3291 Kr.
881 3241 985 3291 sufficit
1005 3241 1029 3290 Y
1044 3244 1086 3293 ed.

134 3308 207 3362 Scdr.
290 3306 312 3372 4)
329 3310 407 3359 uerba
424 3325 456 3358 ex
474 3325 544 3362 novo
562 3311 619 3360 iure
639 3309 775 3374 Theopttto
793 3312 912 3373 ipnoroto
927 3311 1088 3373 plossemata’a

134 3383 192 3423 sunt
208 3384 334 3438 suspecta.
437 3377 457 3441 ⁵)
476 3394 511 3428 ecc
528 3379 601 3429 codd.
623 3379 698 3440 infer.
722 3379 762 3431 ed.
780 3376 854 3426 seur.
874 3375 1033 3426 differentur
1050 3393 1088 3426 ex

134 3443 208 3491 codd.
226 3449 274 3494 oet.
292 3445 331 3493 ed.
350 3443 399 3495 Kr.
