2492 3896
490 267 525 302 on
544 266 654 302 nnennrs
672 252 768 324 11‚·ao.

564 451 621 492 r1r.
635 451 685 492 xm

514 537 563 588 DE
581 534 742 587 LEGATIS.

103 681 139 722 pr,
218 650 306 715 ¹P0st
328 659 393 715 haec
414 659 549 714 videamus
571 658 604 714 de
626 657 731 728 legatis.
769 673 837 730 quae
858 673 920 730 pars
942 657 1008 711 iuris
1030 663 1107 711 entra

152 743 318 816 propositam
341 742 446 815 quidem
469 743 603 797 materiam
625 741 745 796 videtur:
767 757 828 796 nam
851 741 987 814 loquimur
1008 739 1041 795 de
1063 740 1106 794 his

153 826 220 881 iuris
235 823 346 899 liguris,
366 825 461 898 quibus
481 842 531 900 per
549 825 748 881 universitatem
763 840 807 880 res
822 823 900 878 nobis
916 823 1106 896 adquiruntur.

154 909 200 965 sed
220 925 280 964 cum
302 911 411 964 omnino
432 909 464 964 de
484 909 651 965 testamentis
672 907 759 980 deque
780 907 937 977 heredibus,
960 907 1007 979 qui
1023 913 1106 962 testa-

153 1002 243 1048 mento
265 993 457 1064 instituuntur,
485 993 569 1048 locuti
591 1008 697 1056 sumus,
726 1007 779 1046 non
801 992 859 1047 sine
881 1006 960 1045 causa
981 991 1107 1062 sequenti

153 1077 214 1133 loco
229 1083 321 1150 potest
336 1076 401 1131 haec
416 1076 480 1130 iuris
496 1075 607 1130 materia
622 1075 737 1130 tractari.

121 1168 135 1216 1
216 1160 343 1234 Legatum
361 1161 451 1231 itaque
470 1166 511 1214 est
530 1158 639 1220 donatio
661 1157 788 1230 quaedam
815 1173 828 1212 a
854 1157 982 1214 defuncto
1003 1155 1108 1212 relicta.

120 1252 135 1299 2
154 1241 206 1298 Sed
221 1243 284 1298 olim
300 1241 407 1314 quidem
422 1250 497 1297 erant
512 1241 661 1314 legatorum
683 1257 782 1314 genera
797 1249 937 1312 quattuor:
958 1257 1007 1314 per
1021 1240 1109 1296 vindi·

154 1327 295 1394 cationem,
310 1342 359 1398 per
372 1325 575 1396 damnationem,
590 1325 693 1382 sinendi
704 1324 794 1394 modo,
810 1339 859 1398 per
873 1325 1108 1398 praeceptionem:

154 1417 182 1464 et
204 1416 276 1465 certa
299 1409 425 1482 quaedam
448 1408 527 1464 verba
553 1410 650 1481 cuique
676 1409 769 1481 generi
791 1408 941 1481 legatorum
966 1407 1109 1480 adsignata

155 1502 240 1565 erant,
254 1509 303 1567 per
315 1509 382 1566 quae
394 1492 500 1566 singula
516 1508 614 1566 genera
628 1491 781 1565 legatorum
798 1490 1027 1565 significabantur.
1058 1491 1107 1546 sed

155 1592 187 1632 ex
202 1576 437 1632 constitutionibus
459 1576 578 1632 divorum
598 1577 747 1649 principum
770 1575 936 1630 sollemnitas
952 1573 1108 1629 huiusmodi

154 1660 295 1716 verborum
308 1661 413 1732 penitus
425 1659 526 1714 sublata
538 1667 588 1715 est.
619 1668 711 1714 nostra
728 1666 815 1714 autem
828 1651 1012 1730 constitutio,²
1026 1673 1109 1730 qnam

155 1761 215 1800 cum
231 1759 324 1815 magna
339 1743 449 1798 fecimus
463 1741 658 1812 lucubratione,
674 1741 860 1798 defunctorum
876 1741 1027 1797 voluntates
1042 1740 1108 1796 vali-

156 1826 246 1883 diores
267 1842 326 1882 esse
345 1825 482 1898 cupientes
505 1833 532 1880 et
552 1842 607 1881 non
627 1823 727 1894 verbis,
749 1825 795 1880 sed
816 1824 997 1880 voluntatibus
1013 1840 1109 1880 eornm

156 1909 292 1980 faventes,
308 1909 456 1981 disposuit,
473 1916 503 1963 ut
518 1908 638 1964 omnibus
654 1908 748 1982 legatis
765 1925 816 1963 una
830 1910 866 1963 sit
881 1916 973 1964 natura
989 1916 1031 1980 et,
1047 1909 1110 1980 qni·

156 1993 322 2066 buseumque
343 1992 429 2048 verbis
450 1991 549 2065 aliquid
570 1991 725 2048 derelictum
745 1992 795 2065 sit,
818 1991 898 2048 liceat
920 1991 1054 2064 legatariis
1078 1991 1110 2046 id

156 2079 282 2153 persequi
296 2094 350 2133 non
364 2077 452 2132 solum
473 2092 521 2147 per
535 2077 652 2132 actiones
667 2075 838 2148 personales,
859 2075 906 2130 sed
922 2076 1001 2131 etiam
1016 2091 1065 2149 per
1078 2076 1109 2130 in

157 2179 212 2218 rem
226 2171 255 2217 et
265 2178 313 2236 per
324 2161 553 2234 hypothecariam:
569 2161 644 2216 cuins
661 2159 862 2215 constitutionis
874 2174 1034 2232 perpensum
1049 2173 1110 2214 mo·

126 2255 141 2304 3
159 2246 222 2301 dum
237 2261 269 2301 en
284 2247 367 2318 ipsius
382 2253 476 2300 tenore
490 2243 682 2316 perfectissime
697 2245 816 2317 accipere
830 2241 958 2316 possibile
973 2249 1023 2298 est.
1054 2241 1111 2297 Sed

159 2345 214 2384 non
229 2345 314 2401 usque
329 2328 361 2383 ad
376 2345 432 2383 eam
448 2327 667 2383 constitutionem
682 2327 805 2382 standum
816 2342 876 2382 esse
891 2327 1109 2382 existimavimus.

158 2427 218 2468 cum
239 2413 308 2467 enirn
327 2413 512 2483 antiquitatem
530 2412 677 2466 invenimus
696 2410 785 2484 legata
807 2410 912 2482 quidem
934 2411 1027 2465 stricte
1041 2425 1109 2464 con·

158 2494 321 2563 eludentem,
353 2492 562 2549 fideicommissis
585 2502 687 2565 antem,
714 2509 781 2566 quae
809 2509 841 2549 ex
863 2493 1002 2549 voluntate
1023 2495 1113 2564 magis

159 2575 353 2633 descendebant
371 2576 575 2649 defunctorum,
590 2578 759 2650 pinguiorem
775 2585 896 2633 naturam
912 2577 1112 2650 indulgentem,

158 2662 337 2718 necessarium
361 2675 420 2715 esse
434 2653 577 2714 duximus³
599 2663 686 2716 omnia
701 2660 789 2732 legata
805 2659 1016 2716 fideicommissis
1032 2675 1112 2715 exae-

160 2761 256 2819 quare,
271 2743 389 2799 utnulla
404 2744 440 2798 sit
454 2744 524 2798 inter
539 2759 568 2798 ea
584 2743 745 2812 differentia,
761 2743 807 2799 sed
823 2743 895 2816 qnod
911 2744 985 2800 deest
1000 2743 1113 2816 legatis,

159 2829 212 2886 hoc
226 2828 362 2900 repleatur
376 2842 408 2883 en
422 2836 515 2883 natura
531 2825 795 2883 fideicommissorum
810 2837 853 2899 et,
877 2829 898 2883 si
916 2827 979 2901 qnid
995 2827 1115 2900 amplius

160 2915 242 2969 estin
258 2911 370 2986 legatis,
390 2928 438 2984 per
457 2912 510 2968 hoc
529 2920 631 2966 crescat
651 2911 848 2967 fideicommissi
863 2920 967 2966 natura.
1012 2910 1112 2965 sedne

159 2997 187 3052 in
198 2997 290 3070 primis
301 2995 393 3069 legum
406 2995 543 3051 cunabulis
560 2996 690 3068 permixte
707 2994 739 3050 de
755 2995 797 3050 his
810 2994 967 3067 exponendo
980 2993 1115 3050 studiosis

160 3079 373 3136 adulescentibus
396 3078 525 3150 quandam
552 3077 751 3134 introducamus
779 3077 981 3142 difficultatem,
1011 3093 1115 3150 operae

160 3163 275 3237 pretium
297 3178 357 3217 esse
377 3162 512 3232 duximus,
533 3162 639 3216 interim
661 3163 801 3235 separatim
823 3163 898 3234 prins
917 3161 949 3216 de
970 3160 1066 3234 legatis
1083 3171 1114 3217 et

160 3255 255 3319 postea
276 3245 309 3300 de
330 3243 539 3300 fideicommissis
563 3252 689 3315 tractare,
714 3252 745 3300 ut
763 3253 857 3300 natura
879 3246 1021 3317 utriusque
1042 3247 1115 3300 luris

164 3375 362 3392 -,,-,.....

228 3439 249 3505 ¹)
266 3461 300 3482 ==
319 3441 374 3491 Gai.
393 3442 418 3499 2,
435 3442 491 3495 191.
597 3438 618 3506 ²)
637 3442 669 3490 L.
689 3443 714 3492 1.
734 3441 761 3491 O.
778 3455 860 3494 comm.
880 3441 912 3491 de
929 3443 977 3505 leg.
996 3437 1037 3504 (6,
1055 3439 1115 3506 43).

161 3505 182 3572 ⁸)
201 3507 231 3556 L.
251 3509 274 3562 2.
294 3509 321 3557 0.
340 3509 395 3557 eod.
