2492 3896
139 162 179 227 72
350 179 386 214 nn
402 177 524 214 summes
541 178 756 214 suosrsnnmorss
775 165 811 226 ΙΙ,
829 165 870 214 15.

139 319 217 376 redes
238 319 419 394 scriptioni,
441 318 552 392 perinde
571 319 736 390 habeantur,
758 335 788 375 ao
807 319 830 374 si
852 319 1037 391 uniusquisque
1056 336 1089 374 en

103 413 120 462 8
138 412 232 477 quarta
246 410 322 477 parte
343 403 459 475 scriptus
480 403 586 459 fuisset
630 401 662 458 Et
676 404 699 458 si
714 401 806 474 plnres
821 403 916 458 unciae
929 418 1007 475 qtram
1021 401 1090 458 dno

137 488 221 544 decim
236 485 394 542 distributae
408 495 488 557 sunt,
502 487 541 555 is,
557 487 603 560 qui
618 488 676 542 sine
690 493 767 558 parte
781 486 923 541 institutus
937 493 993 556 est,
1016 487 1089 559 quod

137 570 264 643 dtpnndto
279 569 368 640 deest,
385 569 505 627 babebit:
527 569 650 643 idemque
667 572 736 639 erit,
758 570 780 624 si
799 568 942 642 dipondius
965 569 1089 642 expletus

137 654 181 710 sit.
225 670 292 725 quae
308 669 400 709 ornnes
415 661 505 726 partes
520 653 553 710 ad
568 669 655 710 assem
670 661 764 727 postes
778 661 953 722 revocantur,
968 654 1094 726 quamtis-

136 737 190 792 sirtt
204 737 319 810 plurium
335 739 482 797 unciarum.

102 830 119 878 9
199 819 282 876 lieres
297 829 325 878 et
339 838 407 894 pure
427 830 455 878 et
474 820 524 876 sub
539 820 694 876 condicione
709 821 814 876 institui
828 828 928 893 potest.
959 836 992 876 en
1013 829 1089 876 serto

134 911 257 978 tempore
272 914 318 961 ant
333 904 365 960 ad
379 912 482 960 certum
497 913 604 976 tempus
620 920 675 958 non
689 912 800 976 potest‚.
811 903 898 960 veluti
909 917 987 960 ross
999 919 1088 968 oum·

136 1001 296 1052 ounnsrurr
312 1005 397 1053 oussr
410 1003 531 1044 nosrta
544 987 586 1042 vet
601 1005 641 1044 nx
654 1002 812 1044 susannis
825 1003 910 1044 rnnrs
925 993 971 1042 out
985 1003 1089 1052 usuum

134 1087 354 1129 nnrmssnss
370 1086 460 1128 sunus
480 1085 581 1127 nunna
601 1086 696 1128 asro:
718 1066 860 1143 diemque¹
882 1070 1015 1126 adiectum
1035 1087 1088 1143 pro

135 1172 302 1228 supervacuo
315 1155 405 1212 haberi
424 1154 512 1228 placet
526 1161 554 1210 et
566 1153 678 1227 perinde
693 1171 767 1224 esse,
789 1170 820 1210 ao
833 1156 855 1209 si
871 1171 937 1227 pure
952 1155 1031 1210 heres
1046 1156 1088 1210 in·

88 1249 120 1298 to
136 1241 249 1295 stitutus
264 1247 345 1295 esset.
373 1236 547 1311 Impossibilis
561 1238 684 1294 eondioio
698 1240 725 1294 in
739 1238 953 1294 institutionibus
969 1245 997 1294 et
1010 1237 1086 1312 iega-

135 1324 170 1378 tis
192 1339 242 1378 nee
261 1339 317 1378 non
337 1324 364 1378 in
385 1319 595 1378 fideicommissis
615 1330 643 1378 et
664 1321 832 1378 libertatibus
847 1338 899 1394 pro
914 1338 971 1377 non
983 1323 1086 1394 soripto

86 1418 116 1465 11
135 1405 258 1463 babetur.
289 1405 317 1462 Si
332 1407 422 1480 plnres
439 1406 609 1462 condidioner
624 1406 789 1462 institutioni
803 1405 952 1477 adsoriptae
967 1413 1048 1474 sunt,
1064 1406 1089 1462 si

136 1489 244 1564 quidem
255 1492 426 1561 coniunctim,
443 1497 549 1563 utputa
562 1505 591 1546 ss
602 1505 697 1547 menn
708 1507 748 1546 nr
760 1505 856 1546 lunum
866 1503 992 1546 nonnum
1000 1483 1085 1560 narn,

135 1574 258 1630 omnibus
280 1574 427 1649 parendum
450 1581 503 1630 est:
528 1575 552 1629 si
572 1575 729 1646 separatim,
750 1573 833 1628 veluti
857 1587 886 1628 st
908 1589 1002 1630 renum
1023 1587 1093 1630 nur*

134 1673 230 1715 tunun
244 1673 368 1716 ntorum
382 1673 471 1728 mun,
486 1659 529 1714 eui
543 1655 608 1712 libet
624 1656 809 1729 obtemperare
823 1657 890 1712 satis
903 1664 952 1712 ast.

85 1752 116 1800 12
197 1740 240 1815 Hi,
255 1757 324 1813 quos
339 1756 482 1813 numquam
498 1748 611 1796 testator
625 1740 700 1810 vidit,
714 1739 826 1794 heredes
841 1740 946 1795 institui
961 1749 1086 1812 possunt,

135 1822 219 1878 veluti
232 1824 255 1878 si
269 1823 360 1879 fratris
375 1822 445 1879 filios
460 1825 568 1897 peregri
582 1832 659 1879 natos
675 1824 815 1896 ignorans,
830 1824 992 1896 quiessent,
1007 1825 1085 1880 here·

134 1905 184 1962 des
194 1907 356 1963 instituerit:
370 1907 520 1980 ignorantia
532 1908 600 1963 enirn
613 1908 735 1963 testantis
750 1905 872 1963 inutilem
889 1908 1087 1964 institutionem

133 2005 189 2046 non
203 1989 275 2048 iacit.

552 2167 609 2210 utu.
623 2168 673 2210 XV.

334 2267 384 2320 DE
406 2267 568 2322 vtttutm
591 2267 886 2322 supserstitione.

85 2425 120 2466 nr.
198 2399 312 2463 ²Potest
326 2414 414 2462 autem
429 2409 491 2478 quis
503 2409 531 2462 in
546 2415 708 2463 testamento
721 2424 772 2463 suo
787 2407 878 2482 plnres
893 2408 993 2482 gradus
1008 2409 1088 2466 hese·

135 2491 198 2546 dam
212 2489 314 2559 iacere,
336 2499 367 2545 ut
381 2497 446 2562 puta
461 2506 490 2548 sn
504 2506 575 2546 mnu
595 2506 696 2547 sums
712 2507 773 2548 sou
787 2508 878 2564 narr,
898 2509 970 2550 mun
984 2509 1087 2550 numa

134 2589 228 2631 sero:
243 2579 271 2628 et
286 2572 428 2646 detnceps‚
447 2575 474 2628 in
489 2582 618 2646 quantum
632 2573 709 2644 velit,
729 2582 845 2631 testator
857 2575 1020 2633 substituere
1035 2593 1086 2650 po-

135 2665 191 2714 test
204 2666 232 2714 et
246 2658 390 2713 notissimo
402 2657 463 2713 loco
474 2657 502 2711 in
513 2655 660 2712 subsidium
671 2658 713 2713 rei
724 2674 829 2714 servum
843 2663 1022 2716 neeessariam
1037 2661 1088 2717 be·

103 2747 116 2794 1
134 2741 225 2798 redem
240 2742 391 2798 instituere.
426 2739 459 2795 m
472 2740 562 2814 plures
577 2742 605 2796 in
621 2742 699 2796 unius
714 2742 803 2798 locum
816 2751 931 2816 possunt
946 2742 1086 2816 substitui,

135 2825 178 2882 vel
191 2841 261 2880 unus
277 2827 305 2880 in
319 2823 453 2898 plurium,
468 2824 509 2878 vel
524 2823 624 2897 singuli
639 2825 764 2898 singulis,
780 2827 821 2882 vel
835 2828 946 2883 invicem
960 2829 1023 2900 ipsi,
1038 2830 1086 2901 qui

101 2914 117 2962 2
135 2908 250 2965 heredes
258 2909 374 2964 instituti
385 2916 456 2963 sunt.
479 2906 512 2962 tt
521 2908 544 2962 si
556 2923 588 2962 er
600 2907 748 2981 disparibus
760 2909 880 2984 partibus
892 2911 1003 2967 heredes
1018 2913 1085 2967 sori-

134 2999 197 3066 ptos
212 2993 324 3048 invicem
340 2991 509 3046 substituerit
524 2998 551 3046 et
565 2990 665 3046 nullam
676 2995 837 3050 mentionem
851 2996 878 3050 in
893 2993 1089 3051 substitutione

135 3073 257 3132 habuerit
271 3076 402 3148 partium,
422 3091 467 3130 eas
487 3074 593 3130 videtur
611 3083 700 3149 partes
720 3077 747 3134 in
762 3078 955 3134 substitutione
969 3078 1087 3150 dedisse,

203 3285 223 3352 1)
245 3289 283 3338 sie
304 3287 387 3338 Bru
411 3289 524 3354 tteopt.
550 3291 589 3341 eet
612 3289 662 3344 Kr.
684 3290 797 3354 denique
814 3293 840 3342 A*
854 3293 927 3347 cedd.
949 3293 1085 3354 infament.

135 3352 209 3404 Sota.
279 3353 299 3419 ²)
315 3372 357 3420 pr.
375 3355 398 3416 β.
419 3358 443 3409 1.
460 3377 494 3398 ==
510 3357 543 3409 L.
563 3359 603 3408 36.
621 3359 654 3410 D.
673 3359 704 3408 de
721 3361 786 3422 vaip.
808 3365 834 3407 et
849 3374 911 3422 pap.
932 3354 989 3422 (28,
1006 3355 1032 3423 6)
1050 3374 1088 3409 em

136 3421 267 3471 Marciani
283 3425 298 3471 l.
316 3425 333 3472 4
349 3423 428 3472 instit.
