2492 3896
459 229 495 268 ns
515 229 672 269 usuraucuu
689 217 726 281 11,
744 219 769 267 4.
1059 217 1099 279 47

204 369 265 430 ideo
287 378 376 428 autom
398 371 447 428 hae
470 370 613 428 servitutes
635 371 805 444 praediorum
826 372 1008 448 appellantur,
1031 389 1099 445 quo·
1118 386 1133 433 3

140 454 212 514 uisu]
232 454 291 512 siue
311 453 428 527 praediis
450 456 580 514 constitui
602 471 656 511 uon
671 464 797 528 possunt.
826 472 905 514 nemo
922 459 991 512 enirn
1008 466 1100 531 potest

140 539 297 598 semirutam
312 539 454 610 adquirere
467 537 562 596 urbani
582 538 624 594 rel
644 537 739 596 rustici
753 540 867 613 praedii,
891 540 943 596 nisi
958 543 1003 612 qui
1019 540 1100 598 babet

141 621 289 695 praedium,
309 639 359 680 noc
373 623 515 693 quisquam
530 621 638 692 debere,
657 624 710 679 nisi
729 626 775 694 qui
796 623 876 680 habet
896 625 1045 698 praedium.
1071 623 1099 680 si
1116 637 1133 685 4

141 706 202 778 quis
224 705 288 766 reiit
308 708 396 765 ricla-o
419 706 528 777 aliquori
551 706 593 778 ius
615 707 800 778 constituere,
827 707 996 781 pactionibus
1019 717 1100 781 atque

141 789 362 863 stipulationibus
377 788 405 846 ru
419 787 527 846 efficere
542 788 630 848 debet.
670 786 678 822 ¹
687 798 780 863 potest
800 793 879 847 etiam
895 793 922 848 in
937 799 1099 848 testamento

139 875 201 947 quis
217 874 345 933 heredem
361 889 440 930 suum
454 873 587 941 damnare,
610 890 644 929 ne
659 874 739 931 altius
757 869 856 932 oedes²
871 875 958 946 tollat,
973 893 1007 932 ne
1022 876 1101 932 lumi·

140 957 220 1022 uibus
243 957 349 1016 aedium
371 957 451 1018 vicini
473 955 587 1014 officiat:
608 957 651 1013 vel
673 967 704 1016 ut
725 959 843 1030 patiatur
863 974 924 1014 eum
947 961 1051 1032 tignum
1073 961 1100 1016 iu

141 1043 271 1116 pureum
286 1042 429 1100 immittere
444 1040 485 1096 vel
499 1041 662 1099 stillicidium
678 1041 789 1098 habere:
804 1041 846 1098 rel
863 1049 894 1098 ut
908 1044 1025 1116 patiatur
1039 1059 1099 1098 eum

142 1142 191 1202 per
205 1125 319 1186 fundum
333 1126 384 1196 ire,
399 1142 480 1199 agere
495 1141 623 1197 equomve
637 1142 670 1182 es
684 1143 717 1182 eo
733 1125 842 1184 ducere.

565 1337 622 1376 nrn.
635 1337 677 1376 1v.

476 1422 524 1471 DE
542 1419 769 1472 USUFRUOTU.

209 1535 404 1604 tususouuus
431 1550 475 1602 est
501 1544 542 1600 ius
570 1542 663 1600 slicuis
690 1541 770 1600 rebus
800 1543 1001 1602 utensiiiruendi
1030 1545 1101 1601 salva
1115 1556 1150 1596 rr.

143 1643 235 1687 rerum
257 1627 415 1686 substantia.
445 1635 487 1686 est
508 1628 578 1684 eninr
600 1628 642 1684 ius
662 1627 690 1683 in
713 1643 843 1701 corpore:
866 1643 920 1699 quo
943 1628 1050 1684 sublato
1073 1638 1100 1686 et

143 1713 232 1786 ipsum
253 1711 314 1770 tolli
334 1727 444 1772 necesse
465 1719 515 1770 est.
546 1711 720 1768 Ususiructus
736 1728 750 1767 a
765 1712 931 1785 proprietate
953 1713 1132 1786 separatio-1

142 1813 204 1856 uem
225 1795 321 1868 recipit
342 1795 423 1867 idque
445 1787 587 1868 pluribus⁴
609 1794 695 1852 modis
718 1795 823 1852 accidit.
859 1805 890 1853 ut
911 1813 972 1853 ecce
994 1797 1100 1869 siquis

143 1880 221 1939 alicui
245 1879 442 1938 usumfructum
464 1879 610 1952 legaverit3
632 1895 693 1935 narn
715 1879 794 1937 bores
816 1880 913 1938 uurlaru
935 1879 1016 1936 habet
1037 1897 1101 1954 pro·

143 1965 295 2038 prietatem,
311 1963 458 2037 legatarius
473 1963 684 2020 usumfructum:
706 1973 733 2019 et
748 1972 841 2020 contra
855 1965 879 2018 si
892 1963 1003 2020 fundum
1025 1963 1101 2038 lega·

143 2049 212 2106 verit
225 2045 342 2106 deducto
358 2046 510 2116 usufructu,
525 2046 673 2120 legatarius
688 2047 786 2104 nudam
803 2045 884 2104 habet
897 2048 1100 2119 proprietatem,

143 2132 223 2191 beros
237 2147 301 2190 vero
319 2131 532 2188 usumfructum:
553 2132 617 2185 itam
640 2130 684 2186 alli
699 2131 906 2200 usumfructum,
922 2129 967 2186 alii
983 2131 1099 2187 deducto

145 2213 304 2273 eorundum
322 2214 415 2287 legare
436 2222 537 2287 potest.
566 2207 642 2270 ⁶siue
661 2220 822 2270 testamento
843 2229 907 2268 vero
922 2213 946 2268 si
961 2215 1021 2285 quis
1036 2213 1102 2270 velit

145 2297 189 2356 aiii
206 2295 401 2356 usumiructurn
416 2297 592 2369 constituere,
612 2295 781 2370 pactionibus
796 2304 825 2354 et
838 2297 1058 2370 stipulationibus
1073 2297 1101 2354 id

145 2379 253 2438 efficere
276 2379 364 2441 debet.
401 2397 435 2439 ue
457 2389 545 2438 tamen
566 2382 595 2438 iu
615 2381 769 2438 universum
791 2381 900 2438 inutiles
922 2390 1013 2439 essent
1035 2399 1099 2456 pro·

144 2468 273 2540 prietates
288 2481 394 2538 semper
412 2464 573 2521 abscedente
592 2463 752 2534 usufructu,
774 2465 891 2537 placuit,
911 2467 992 2522 certis
1012 2466 1099 2522 rnodis

145 2548 267 2622 extingui
281 2548 477 2605 usumfructum
491 2557 519 2604 et
533 2548 565 2604 ad
579 2550 771 2622 proprietatem
786 2551 895 2605 reverti.
920 2550 1100 2606 constituitur
1116 2549 1132 2596 2

144 2640 235 2688 autern
256 2630 427 2688 ususfructus
449 2649 503 2688 non
525 2639 629 2687 tanturn
650 2633 677 2687 in
700 2631 783 2689 fundo
806 2633 981 2699 maenibus,
1007 2650 1100 2689 verum

146 2717 225 2773 etiarn
240 2716 364 2771 inservis
380 2727 406 2771 et
420 2718 545 2772 iumentis
561 2717 712 2788 ceterisque
724 2717 815 2786 rebus,
830 2718 949 2789 exceptis
964 2716 1015 2782 his,
1031 2733 1100 2788 quae

144 2802 204 2874 ipso
221 2817 275 2860 usu
285 2809 494 2860 consumuntur:
515 2815 575 2858 uam
590 2816 637 2858 eae
652 2817 740 2872 neque
760 2799 876 2857 naturali
891 2800 996 2857 ratione
1011 2815 1100 2872 neque

214 3077 234 3144 ¹)
250 3081 310 3144 sere
325 3101 359 3122 ==
376 3078 408 3128 L.
428 3079 465 3128 16.
484 3081 517 3134 D.
535 3097 618 3131 comm.
635 3083 727 3144 praed.
746 3079 785 3146 (8,
803 3079 830 3144 4)
849 3096 885 3131 em
904 3079 963 3131 cart
977 3082 996 3133 l.
1013 3083 1029 3130 2
1047 3096 1100 3134 rer.

145 3154 222 3270 pto&
277 3145 303 3266 Ξ)
321 3147 475 3266 gigopiritet
488 3150 690 3266 ρὶενίᾳέεΤοιοᾱὲ.
704 3147 787 3266 alffius
805 3147 889 3278 aegos
907 3163 971 3266 srzes
981 3151 1101 3268 1ethrrisss

144 3231 159 3270 s
238 3229 302 3271 .e.
341 3228 548 3266 emeruserc
651 3231 690 3267 e.
736 3231 758 3269 r.
876 3237 910 3260 π
954 3251 961 3266 .
998 3251 1099 3267 ...

145 3283 177 3332 de
194 3229 275 3343 uszfr.
299 3279 339 3345 (7,
360 3280 385 3346 1)
403 3297 438 3331 ex
461 3281 547 3331 Paulli
566 3285 616 3336 t.3
639 3284 674 3331 od
695 3283 778 3333 Vitett.
800 3291 827 3333 et
848 3284 914 3334 Celsi
935 3285 952 3337 l.
976 3284 1017 3333 18.
1038 3284 1098 3347 Dip.

144 3347 167 3412 4)
190 3350 228 3398 sic
249 3349 327 3410 infer.
349 3351 424 3399 codd.
448 3353 473 3397 et
494 3349 526 3401 L.
550 3349 565 3396 6
585 3365 626 3412 pr.
649 3351 683 3404 D.
707 3352 738 3400 de
765 3353 846 3412 csufr.
869 3349 909 3416 (7,
933 3347 959 3413 1)
983 3351 1100 3408 uotiuis

148 3415 259 3479 triopus
276 3415 398 3480 plurimis
415 3415 472 3466 BT
491 3417 531 3464 eri.
550 3415 600 3466 Kr.
686 3413 707 3479 ⁵)
725 3419 749 3478 ἕ.
770 3420 783 3467 1
801 3420 858 3470 bisc
875 3423 901 3468 et
918 3418 941 3477 §-
960 3419 975 3466 2
993 3419 1049 3469 init.
1066 3435 1100 3449 -

145 3483 309 3547 L.3pr.§.
328 3483 549 3546 istriensem.
569 3481 603 3549 (t,
624 3481 701 3546 ηοω
721 3485 1002 3548 ursicampum.
