2500 3890
125 169 185 234 130
300 185 335 222 ns
353 183 501 222 vnsnonun
517 183 699 221 onnrcnrronn
716 170 766 233 111,
786 171 818 222 15
836 169 899 233 (16).

122 341 227 384 oscen
248 340 523 396 eunominianos,
545 341 652 390 ononn
673 341 785 395 nvem,
805 341 889 382 nene
910 325 1078 394 soonensi,

124 417 151 465 et
162 427 229 485 purc
240 410 307 465 lacta
323 409 453 483 obligatio
464 409 632 484 intellegitur
644 418 671 465 et
684 416 870 483 perpetuatur,
885 410 946 481 qula
961 408 993 463 ad
1008 416 1077 463 tem-

124 511 174 567 pus
196 492 286 549 deberi
305 509 360 548 non
382 501 481 565 potest.
518 494 565 548 sed
586 493 664 549 heres
689 493 805 565 petendo
826 493 896 566 pacti
918 493 1079 565 exceptione

89 587 105 635 4
122 575 331 633 submovebitur.
369 576 423 632 Sub
440 576 596 633 condicione
617 577 755 649 stipulatio
772 575 817 646 lit,
840 592 901 632 cum
915 577 942 631 in
958 575 1078 648 aliquem

123 677 213 719 casum
228 659 349 716 dillertur
364 659 508 734 obligatio,
531 670 576 730 ut,
597 661 621 715 si
636 661 734 734 aliquid
749 659 848 716 iactum
863 659 945 716 luerit
960 668 1078 714 autnon

122 744 218 814 luerit,
242 744 381 818 stipulatio
397 745 593 813 committatur,
616 743 698 799 veluti
719 759 749 801 er
768 757 873 800 murus
889 757 1009 800 consum
1022 758 1078 800 nn-

123 843 201 886 onus
215 845 344 898 sunnin,
362 843 499 892 ournnnn
514 841 634 884 nonnos
649 841 732 883 nanu
748 827 905 884 snonnns‘t
925 829 948 881 si
963 826 1023 898 quis
1038 827 1079 881 ita

122 911 269 984 stipuletur
283 927 313 968 s1
329 928 362 970 rn
377 927 567 968 oenrronruu
586 926 648 968 non
666 924 868 980 ssonnnnno,
883 925 967 968 nanu
984 925 1079 966 seon·

123 996 201 1052 nusi
222 995 332 1068 perinde
347 997 413 1063 erit,
435 1011 464 1050 nc
484 996 505 1049 si
526 994 669 1067 stipulatus
685 1001 774 1063 essct,
797 1010 857 1050 cum
873 995 1003 1050 morietur
1018 993 1079 1048 dari

123 1078 183 1136 sibi.
214 1095 246 1134 ex
260 1077 436 1134 condicionali
450 1077 625 1150 stipulatione
640 1086 742 1156 tantum
762 1094 825 1150 spes
840 1084 882 1132 est
897 1077 1015 1133 debitum
1031 1079 1080 1146 iri,

124 1178 234 1235 eamque
256 1163 340 1234 ipsam
362 1177 436 1234 spem
459 1163 681 1232 transmittimus,
705 1162 745 1233 si,
772 1162 929 1234 priusquam
951 1160 1078 1218 condicio

90 1250 106 1299 ὁ
124 1247 235 1315 existat,
258 1261 331 1300 mors
345 1244 423 1300 nobis
439 1245 591 1318 contigerit.
632 1244 701 1300 Loca
716 1246 796 1300 etiam
810 1245 894 1300 inseri
909 1244 1079 1318 stipulationi

123 1328 229 1399 solent,
250 1329 333 1383 veluti
355 1343 552 1386 onnrneetnn
572 1345 654 1385 nanu
670 1329 824 1386 secunus?
848 1344 915 1401 quae
938 1327 1080 1402 stipulatio

123 1411 187 1469 boet
201 1428 268 1486 pure
284 1411 340 1468 lieri
355 1411 487 1482 videatur,
503 1421 591 1468 tamen
605 1429 634 1468 re
648 1414 706 1485 ipsa
721 1411 800 1468 habet
816 1419 920 1484 tempus
937 1413 1077 1484 iniectum,

124 1512 178 1570 quo
194 1498 343 1571 promissor
357 1502 449 1551 utatur
459 1496 491 1551 ad
503 1497 641 1568 pecuniam
651 1495 810 1568 Cartbagine
821 1495 942 1551 dandam.
973 1503 1001 1552 ct
1015 1495 1080 1550 ideo

124 1581 146 1636 si
162 1583 221 1653 quis
237 1582 273 1636 ita
288 1581 385 1636 Romae
400 1580 545 1652 stipuletur
558 1595 656 1646 nomn
672 1594 871 1636 oenoneornn
886 1595 969 1636 neon
984 1593 1080 1638 seon·

124 1665 202 1720 nusi
224 1664 325 1719 inutilis
341 1664 392 1719 erit
406 1663 560 1736 stipulatio,
581 1680 641 1718 curn
656 1662 827 1736 impossibilis
842 1662 878 1718 sit
892 1665 1080 1736 repromissio.

92 1750 107 1799 6
125 1745 310 1817 Condiciones,
327 1762 394 1818 quae
410 1746 441 1800 ad
458 1748 630 1820 praeteritum
640 1745 682 1800 vel
699 1738 731 1800 ad
746 1763 871 1818 praesens
886 1754 992 1820 tempus
1008 1746 1081 1802 reie-

124 1837 237 1899 runtur,
253 1837 298 1884 ant
312 1831 401 1885 statim
417 1827 552 1885 infirmant
564 1829 753 1902 obligationem
769 1839 815 1886 aut
830 1831 938 1886 omnino
953 1847 1007 1886 non
1025 1829 1080 1885 dil-

124 1913 231 1969 serunt:
246 1913 329 1968 veluti
343 1929 372 1970 s1
387 1928 491 1970 nimus
507 1929 625 1970 consuo
639 1929 714 1970 nom
729 1913 770 1968 vel
785 1929 815 1972 sr
829 1929 963 1971 nsnvrus
978 1929 1080 1984 v1r1n,

123 2013 208 2054 nune
224 1997 378 2055 snonnnsl
399 2011 458 2052 narn
481 1998 503 2051 si
525 2013 555 2052 ea
577 1998 613 2052 ita
635 2013 690 2052 non
711 2005 787 2066 sunt,
812 1997 876 2052 nihil
897 1996 967 2052 valet
989 1999 1078 2070 stipu-

125 2081 204 2136 latio:
226 2081 268 2136 sin
283 2090 372 2137 autem
387 2081 423 2135 ita
443 2097 472 2135 se
492 2080 608 2150 habent,
631 2080 720 2136 statim
735 2080 813 2137 valet.
859 2097 926 2152 quae
941 2081 1011 2136 enim
1028 2097 1083 2153 per

124 2181 216 2220 rernm
229 2172 350 2221 naturam
365 2173 439 2221 certa
453 2173 532 2236 sunt,
551 2180 606 2220 non
627 2172 767 2219 morantur
782 2163 990 2237 obligationem,
1013 2163 1081 2221 licet

126 2249 195 2320 apud
210 2265 260 2304 nos
275 2250 376 2304 incerta
393 2249 453 2304 siut.

94 2330 108 2376 i
188 2331 247 2386 Non
264 2332 351 2387 solum
371 2349 414 2387 res
435 2334 462 2386 in
483 2331 639 2404 stipulatum
660 2331 752 2386 deduci
772 2339 903 2404 possunt,
928 2331 1080 2386 sedetiam

125 2413 209 2470 laeta:
225 2421 255 2469 ut
270 2417 293 2470 si
307 2417 467 2488 stipulemur
480 2413 538 2470 fieri
554 2415 653 2488 aliquid
668 2414 710 2470 vel
725 2431 779 2469 non
794 2411 862 2470 fieri.
899 2422 927 2470 et
941 2415 968 2469 in
983 2414 1080 2470 huius-

125 2498 196 2553 modi
209 2498 426 2570 stipulationibus
436 2500 566 2572 optimum
580 2500 631 2554 erit
642 2515 754 2571 poenam
769 2497 905 2568 subicere,
921 2514 955 2553 ne
970 2499 1079 2570 quanti-

126 2587 166 2638 tas
187 2582 367 2655 stipulationis
389 2585 416 2637 iu
438 2583 540 2637 incerto
562 2583 598 2636 sit
618 2598 648 2638 ac
667 2597 777 2638 necesse
792 2583 827 2637 sit
844 2583 928 2638 actori
951 2581 1081 2653 probare,

125 2665 191 2738 quid
205 2667 262 2721 eius
276 2667 390 2722 intersit.
421 2667 511 2738 itaque
530 2667 552 2720 si
573 2667 647 2737 quis,
670 2674 701 2721 ut
721 2663 766 2721 liat
781 2665 896 2738 aliquid,
920 2664 1078 2739 stipuletur,

124 2751 161 2804 ita
177 2749 244 2804 adici
259 2766 345 2822 poena
360 2749 453 2806 debet:
479 2764 508 2805 sr
529 2765 582 2805 me
596 2763 721 2806 necnon
735 2764 797 2807 non
811 2765 902 2821 nnio,
924 2765 990 2806 num
1003 2764 1080 2806 eon·

125 2848 187 2890 nnn
208 2849 324 2891 nournn
344 2849 449 2891 nnonu
468 2847 693 2890 nonnos-nane
714 2833 872 2890 snonnnsi
894 2831 941 2888 sed
955 2833 979 2888 si
994 2847 1081 2906 qnae-

125 2916 184 2972 dam
199 2915 265 2987 fieri,
282 2917 409 2990 quaedam
425 2933 479 2973 non
494 2915 552 2972 fieri
569 2932 620 2971 una
636 2916 780 2990 eademque
801 2917 977 2989 conceptione
992 2918 1080 2989 stipu-

125 2995 215 3072 letur,
243 3001 362 3056 clausula
384 3003 434 3056 erit
455 2999 608 3056 huiusmodi
630 2999 779 3055 adicienda:
802 3016 831 3057 se
852 3014 1013 3058 novensus
1036 3015 1080 3055 nn

124 3099 249 3141 reorum
270 3101 358 3154 nmo,
388 3099 456 3143 mvn
480 3099 555 3148 curn
577 3100 631 3141 me
651 3099 775 3142 reorum
796 3100 858 3141 uon
879 3100 969 3156 noir,
995 3098 1081 3140 runo

124 3183 248 3225 nornen
263 3183 382 3226 nonrnn
396 3185 501 3226 nnonu
515 3183 635 3226 nonnos
649 3183 733 3224 neon
749 3168 904 3226 secunus?
