2472 3896
313 263 349 298 nn
366 263 437 298 onan
453 262 536 298 rum
554 263 667 298 caunum
686 262 805 299 susanna
821 249 846 312 1,
865 251 887 299 7.
1041 249 1077 310 11

122 412 151 458 et
166 397 277 460 decem¹
293 405 367 460 annis
383 405 596 459 manumittatur.
622 403 708 459 Semel
724 412 812 460 autem
828 421 907 460 causa
922 404 1080 478 adprobata,
1098 416 1113 464 6

121 489 179 543 sive
193 504 256 543 vera
271 491 326 544 sive
343 487 407 543 ialsa
423 489 469 558 sit,
485 504 539 543 non
555 496 726 544 retractatur.

187 564 276 627 ²Cum
292 588 359 646 ergo
374 582 464 628 certus
484 571 580 627 modus
596 572 800 628 manumittendi
819 572 966 628 minoribus
986 573 1081 645 viginti
1099 567 1114 616 '1
1185 613 1194 632 .

122 656 199 710 annis
215 655 329 712 dominis
344 672 393 729 per
408 655 496 728 legem
513 655 745 716 AeliamSeutiam
766 658 931 712 constitutus
952 657 998 726 sit,
1021 672 1081 711 eve·

121 739 221 811 aiebat,
244 749 282 806 ut,
307 741 352 813 qui
374 739 588 812 quattuordecim
610 755 694 795 annos
716 741 810 795 aetatis
832 741 994 813 expleverit,
1017 739 1080 795 licet

123 831 312 878 testamentum
335 823 422 879 iacere
449 825 535 896 possit
558 830 585 878 et
613 825 640 878 in
663 839 696 878 eo
718 823 844 878 heredem
866 823 917 879 sibi
938 825 1080 879 instituere

121 906 265 980 legataque
285 906 437 980 relinquere
459 908 557 980 possit,
580 915 676 976 tamen,
701 909 724 961 si
746 906 833 962 adbuc
853 909 940 962 minor
955 909 990 963 sit
1005 909 1080 962 anuis

122 991 229 1064 viginti,
252 991 402 1046 libertatem
425 1007 502 1046 servo
525 991 589 1045 dare
611 1007 666 1046 non
688 999 806 1064 poterat.
852 991 924 1062 quod
946 1007 1001 1046 non
1023 999 1080 1046 erat

122 1073 273 1146 terendum,
293 1067 336 1129 si³
357 1077 391 1147 is,
413 1077 456 1130 cui
474 1083 595 1130 totorum
610 1074 744 1130 bonorum
765 1076 792 1129 in
814 1083 974 1130 testamento
991 1073 1081 1146 dispo·

121 1158 186 1212 sitio
202 1158 264 1213 data
284 1167 352 1229 erat,
375 1159 421 1214 uui
443 1174 521 1214 servo
542 1157 692 1215 libertatem
715 1159 777 1213 dare
793 1175 847 1214 non
863 1157 1079 1231 permittebatur.

122 1257 206 1314 quare
228 1258 278 1296 nos
301 1242 424 1297 similiter
446 1243 471 1296 ei
492 1242 716 1314 quemadmodum
738 1242 801 1298 alias
823 1258 867 1297 res
889 1245 925 1297 ita
946 1250 973 1297 et
988 1257 1081 1298 servos

122 1341 188 1380 suos
210 1326 237 1380 in
259 1324 352 1379 ultima
373 1324 511 1380 voluntate
533 1325 686 1398 disponere,
709 1327 932 1398 quemadmodum
954 1325 1081 1396 voluerit,

124 1409 316 1481 permittimus,
338 1416 370 1463 ut
393 1417 419 1462 et
441 1406 591 1462 libertatem
614 1412 652 1463 eis
675 1411 762 1480 possit
784 1419 929 1481 praestare.
957 1409 1004 1465 sed
1020 1424 1081 1464 cum

123 1491 234 1545 libertas
250 1490 451 1546 inaestimabilis
467 1499 546 1546 estet
561 1498 673 1564 propter
684 1491 736 1548 hoc
748 1500 808 1546 aute
819 1494 973 1548 vicesimum
986 1493 1081 1548 aetatis

123 1590 223 1629 annum
243 1576 386 1648 antiquitas
406 1575 556 1630 libertatem
576 1591 654 1629 servo
675 1575 731 1630 dari
747 1574 920 1649 prohibebat:
943 1576 1003 1633 ideo
1020 1592 1080 1647 nos,

123 1657 449 1734 mediamquodammodo
465 1659 532 1713 viam
548 1658 690 1732 eligentes,
711 1676 766 1715 non
782 1659 860 1714 aliter
874 1660 971 1714 minori
986 1660 1081 1733 viginti

122 1743 198 1798 annis
213 1741 365 1798 libertatem
376 1744 403 1798 in
417 1751 578 1797 testamento
594 1743 656 1798 dare
672 1759 749 1799 servo
765 1759 815 1799 suo
831 1744 1012 1815 concedimus,
1028 1745 1082 1798 nisi

123 1827 268 1899 septimum
291 1837 318 1882 et
340 1826 472 1883 decimum
488 1842 586 1881 annum
603 1827 754 1899 impleverit
769 1834 796 1883 et
811 1837 933 1883 octavum
949 1827 1081 1883 decimum

123 1910 253 1984 tetigerit.
291 1927 350 1966 cum
374 1912 443 1966 enim
466 1911 611 1982 antiquitas
634 1911 786 1967 huiusmodi
809 1912 887 1966 aetati
910 1920 937 1967 et
953 1929 1002 1984 pro
1024 1911 1081 1966 aliis

122 1994 259 2067 postulare
282 1995 425 2063 concessit,
447 2011 497 2050 cur
518 2011 572 2050 non
595 1994 674 2049 etiam
696 1997 737 2050 sui
760 1991 871 2050 ⁴¹iudicii
893 1995 1023 2050 stabilitas
1046 1996 1081 2050 ita

124 2093 171 2132 eos
193 2077 316 2134 adiuvare
338 2078 473 2148 credatur,
497 2085 527 2132 ut
549 2087 577 2132 et
598 2078 631 2133 ad
653 2077 790 2134 libertates
813 2077 912 2133 dandas
927 2079 1011 2134 servis
1026 2079 1082 2133 suis

124 2160 230 2233 possint
243 2164 393 2234 provenire.

538 2355 595 2396 u1u.
613 2355 666 2396 VH.

275 2440 323 2488 DE
342 2439 438 2491 LEGE}
456 2439 578 2491 Fumat
591 2438 739 2492 caurum
758 2440 930 2492 SUBLATA.

188 2569 280 2650 ⁰Lege
296 2575 374 2633 Furia
387 2577 492 2633 Caninia
508 2589 598 2635 certus
615 2579 710 2634 modus
726 2582 891 2635 constitutus
906 2590 964 2637 erat
978 2583 1005 2636 in
1021 2597 1079 2636 ser·
1108 2640 1111 2646 ,

124 2663 163 2716 vis
179 2669 340 2716 testamento
355 2662 582 2722 manumittendis.
621 2680 699 2735 quam
723 2665 799 2737 quasi
814 2663 983 2720 libertatibus
998 2667 1081 2738 impe·

125 2745 241 2800 dientem
262 2754 289 2800 et
312 2745 507 2815 quodammodo
529 2747 641 2801 invidam
658 2747 802 2804 tollendam
818 2763 877 2802 esse
893 2750 1044 2803 censuimus
1057 2741 1080 2820 ⁷,

125 2845 184 2884 cum
206 2831 272 2885 satis
295 2827 383 2883 luerat
404 2829 587 2900 inhumanum,
610 2832 685 2886 vivos
701 2831 807 2904 quidem
828 2830 963 2887 licentiam
982 2831 1081 2887 habere

192 3039 211 3097 ¹l
229 3043 267 3092 ric
284 3057 369 3091 omnea
386 3043 460 3090 codd.
479 3049 504 3090 et
525 3043 635 3106 Tbeopb.
654 3043 744 3093 decem
764 3048 792 3092 et
810 3047 874 3092 octo
893 3049 932 3093 eat
950 3048 976 3092 ia
993 3045 1026 3093 J..
1040 3047 1080 3094 13.

125 3111 155 3158 l).
175 3111 206 3158 de
224 3125 329 3160 manum.
346 3110 413 3158 vind.
433 3105 483 3172 (40,
503 3109 537 3171 2).
582 3109 602 3175 ²)
620 3111 790 3161 init.=Gut'.
812 3112 835 3166 1,
853 3113 894 3160 40.
916 3119 973 3164 mut.
1018 3110 1038 3174 3)
1057 3113 1081 3163 si

124 3179 141 3226 i.
160 3193 182 3226 e.
202 3175 339 3240 siqnidem.
363 3164 409 3226 ὅτι
432 3175 541 3239 Tbeopll.
612 3232 618 3244 ,
642 3175 664 3242 4)
682 3179 763 3226 malim
785 3177 814 3226 in
836 3181 895 3228 suis
912 3179 945 3241 cf.
969 3176 1080 3242 Theopb.

124 3241 144 3306 ⁶)
163 3245 236 3295 codd.
262 3243 302 3292 bic
319 3248 345 3293 et
367 3243 428 3292 alibi
449 3246 556 3292 maoet‘me
578 3247 679 3293 vomunt
696 3248 764 3294 inter
781 3245 867 3308 furia,
893 3246 979 3307 lusia,
1003 3244 1079 3296 fufio.

123 3309 232 3359 FUFIA
249 3313 290 3361 ed.
309 3311 359 3360 Kr.
394 3309 448 3360 Sed
464 3311 531 3372 Fufii
546 3311 591 3359 cub
610 3313 723 3376 Augusto
741 3315 767 3362 in
785 3312 920 3363 bonoribus
939 3329 988 3362 non
1005 3309 1080 3374 fuere

124 3385 147 3426 et
170 3379 269 3427 uidetur
290 3377 353 3426 baec
374 3381 419 3427 lece
436 3394 452 3426 a
470 3379 508 3426 M.
527 3377 605 3428 Furio
629 3380 730 3429 Camillo
754 3395 802 3433 ooo.
828 3396 851 3430 α.
871 3381 918 3428 761
941 3381 995 3428 lata
1014 3395 1078 3430 esee.

128 3445 185 3494 Vid.
203 3445 283 3495 Reitz.
301 3447 336 3495 od
356 3444 466 3509 Tbeopb.
484 3445 510 3498 I.
525 3461 552 3508 p.
572 3447 613 3496 77.
649 3447 719 3498 Ado.
737 3463 763 3509 p.
782 3445 879 3496 LXVI.
932 3445 952 3506 θ)
971 3448 1026 3496 init.
1045 3462 1080 3496 ec

126 3511 179 3561 dat.
198 3515 220 3568 1,
238 3514 280 3562 42.
348 3509 371 3577 ⁷)
390 3514 421 3567 L.
438 3530 479 3567 un.
498 3512 526 3568 0.
545 3514 577 3564 dc
595 3515 610 3562 l.
629 3515 691 3563 Fur.
712 3513 772 3564 Gon.
791 3516 842 3564 tott.
861 3514 896 3576 (7,
914 3510 950 3577 3).
