2472 3896
452 259 612 296 TITULORUM
631 257 799 294 CONBPEG'I'IIS.

149 397 201 447 Tit.
219 396 297 448 XXV
314 398 355 446 De
373 397 513 450 societate.

216 464 305 513 XXVI
323 466 363 514 De
380 464 517 513 mandato.

215 531 320 581 XXVII
336 532 379 580 De
398 527 612 594 obligationibus
631 531 709 592 quasi
726 545 758 579 ex
776 531 927 579 contractu.

216 597 334 649 XXVIII
351 601 403 649 Per
421 613 488 662 quas
505 612 635 662 personas
652 597 730 648 nobis
750 597 880 660 obligatio
898 595 1059 662 adquiritur.

215 665 308 716 XXIX
326 665 431 729 Quibus
448 665 532 715 modis
551 665 681 729 obligatio
699 664 813 714 tollitur.

473 782 585 832 arasa
602 779 778 844 quassus,

214 882 286 931 IDe
304 882 531 948 obIIgationibns‚
548 897 618 946 quae
636 898 670 932 ex
687 881 787 932 delicto
805 885 959 936 naseuntur.

213 950 242 999 II
259 949 296 999 Vi
312 950 442 999 bonorum
459 956 604 1012 raptorum.

214 1016 257 1066 III
273 1017 315 1066 De
333 1017 393 1081 lege
411 1017 528 1081 AquiIIa.

214 1085 253 1133 IV
270 1085 311 1133 De
328 1084 444 1133 Iniuriis.

212 1150 237 1199 V
254 1151 295 1200 De
314 1151 536 1214 obligationibus,
556 1167 625 1217 quae
642 1152 722 1218 quasi
740 1167 773 1202 ex
790 1150 889 1200 delicto
908 1151 1064 1204 nascuntur.

212 1217 252 1266 VI
268 1218 309 1266 De
327 1218 489 1270 actionibus.

213 1284 267 1334 VII
285 1284 364 1344 Quod
381 1299 440 1332 cum
457 1299 502 1344 eo,
521 1285 612 1348 quiin
630 1285 719 1335 aliena
736 1289 873 1350 potestate
889 1288 942 1347 est,
963 1284 1102 1350 negotium

298 1354 404 1412 gestum
422 1365 481 1399 esse
498 1351 607 1402 dicitur.

213 1415 281 1465 VIII
298 1417 340 1464 De
358 1415 501 1466 noualibus
520 1417 682 1467 actionibus.

213 1483 252 1531 IX
271 1481 301 1532 Si
318 1482 470 1546 quadrupes
488 1486 642 1547 pauperiem
660 1483 756 1534 tecleae
775 1485 881 1535 dicitur.

213 1549 238 1597 X
255 1548 296 1598 De
313 1550 365 1610 his,
383 1565 430 1612 per
448 1565 516 1614 quos
533 1567 615 1614 agere
632 1567 781 1615 possumus.

181 1639 183 1643 .
213 1616 253 1666 XI
269 1616 312 1666 De
330 1616 562 1668 satisdationibus.

212 1682 265 1732 XII
282 1684 323 1732 De
341 1685 478 1748 perpetuis
499 1691 526 1735 et
548 1685 743 1749 temporalibus
760 1687 915 1738 actionibus
933 1692 963 1738 et
980 1702 1049 1753 quae
1066 1688 1100 1738 ad

296 1750 409 1801 heredes
426 1751 471 1802 vel
488 1752 517 1801 in
534 1751 641 1804 heredes
659 1757 809 1805 transeunt.

211 1815 279 1866 XIII
297 1819 338 1866 De
356 1819 570 1881 exceptionibus.

209 1882 274 1935 XIV
291 1884 333 1933 De
349 1884 579 1948 replicationibus.

209 1950 260 2001 XV
277 1950 319 2000 De
337 1952 498 2002 interdictis.

210 2017 274 2068 XVI
291 2019 332 2068 De
351 2034 441 2084 poena
458 2023 557 2069 temere
575 2020 751 2085 litigantium.

210 2084 289 2136 XVII
306 2087 347 2135 De
364 2085 452 2136 officio
470 2087 575 2136 iudicis.

209 2149 303 2201 XVIII
319 2153 361 2202 De
379 2153 495 2218 publicis
511 2154 627 2208 iudiciis.
