2500 3890
128 175 189 242 184
248 193 272 229 s1
290 191 448 236 ouannurss
464 192 620 228 ranrnnrmr
635 191 745 227 racrssn
763 190 883 227 nicenus
900 175 946 238 IV,
965 178 990 227 9.

124 336 240 391 nuncin
255 341 390 407 potestate
405 334 456 405 sit,
477 333 520 405 agi
535 340 636 406 potest.
673 332 743 388 unde
763 333 786 387 si
800 332 904 387 alienus
919 347 1012 387 servus
1026 347 1076 386 rro·

126 419 194 474 niam
209 417 258 473 tibi
278 418 441 474 commiserit
462 425 490 472 et
503 417 527 472 is
542 424 636 490 postea
650 419 677 472 in
692 420 828 489 potestate
844 423 888 471 tua
904 431 963 471 esse
978 429 1075 488 coepe·

125 503 175 571 rit,
197 501 333 556 intercidit
354 502 438 572 actio,
460 502 523 573 quia
542 501 570 556 in
590 517 651 556 eum
672 516 762 556 casum
777 499 889 556 deducta
906 501 956 572 sit,
978 500 1006 554 in
1021 515 1076 572 quo

127 587 275 641 consistere
296 600 350 641 non
371 584 475 658 potuit:
497 583 613 656 ideoque
634 583 697 638 licet
711 583 807 639 exierit
821 583 854 639 de
869 591 915 638 tua
929 589 1076 655 potestate,

126 685 206 742 agere
221 684 275 724 nou
296 676 392 742 potes,
412 667 633 741 quemadmodum
654 668 677 722 si
696 667 820 723 dominus
834 668 862 722 in
876 682 982 722 servum
995 682 1077 722 suum

125 751 224 825 aliquid
239 752 410 821 commiserit,
426 767 477 806 nec
491 752 514 806 si
529 753 707 807 manumissus
722 750 764 806 vcl
779 752 907 807 alienatus
923 748 1004 806 fuerit
1018 766 1077 805 ser-

93 845 191 907 tvus,
218 835 300 891 ullam
327 836 460 891 actionem
486 843 581 892 contra
602 835 739 890 dominum
760 833 858 890 habere
879 842 980 907 potest.
1023 833 1079 890 Sed

125 926 229 975 veteres
257 920 364 992 quidem
393 918 459 974 haec
479 928 507 974 et
528 920 556 974 in
578 917 752 974 iiliislamilias
774 917 899 974 masculis
922 925 949 973 et
971 916 1078 974 leminis

125 1002 300 1060 admiserunt.
329 1018 398 1058 rrova
407 1010 496 1058 autem
508 1002 644 1058 hominum
655 1001 822 1057 conversatio
834 1000 986 1056 huiusmodi
1001 1015 1079 1074 aspe-

124 1088 232 1142 ritatem
253 1092 326 1142 recte
346 1085 522 1158 respuendam
543 1101 601 1142 esse
616 1086 774 1140 existimavit
787 1092 814 1140 et
829 1083 861 1139 ab
876 1101 928 1140 usu
943 1085 1080 1140 communi

125 1170 192 1227 haec
200 1171 309 1244 penitus
324 1170 451 1227 recessit:
467 1169 528 1241 quis
540 1169 609 1225 euim
621 1170 722 1242 patitur
733 1165 816 1224 filium
831 1184 911 1223 suum
923 1176 951 1223 et
965 1169 1080 1223 manime

126 1252 206 1310 filiam
217 1255 245 1308 in
256 1269 353 1308 noxam
365 1253 408 1308 alii
421 1251 494 1324 dare,
510 1260 540 1308 ut
551 1268 635 1325 paene
647 1268 805 1326 percorpus
817 1245 883 1308 lilii1
895 1259 972 1324 pater
982 1251 1078 1325 magis,

126 1355 204 1411 quam
221 1335 291 1392 lilius
306 1336 490 1410 periclitetur,
510 1352 570 1391 cum
590 1337 618 1391 in
634 1333 736 1391 filiabus
752 1336 830 1391 etiam
845 1334 988 1408 pudicitiae
1003 1333 1083 1390 lavor

126 1422 179 1479 hoc
200 1420 269 1477 hene
291 1419 426 1476 excludit?
453 1427 481 1474 et
502 1419 563 1474 ideo
585 1419 698 1492 placuit,
728 1419 755 1473 in
778 1434 871 1474 servos
895 1417 1082 1474 tantummodo

125 1505 236 1561 noxales
256 1504 375 1560 actiones
396 1518 456 1558 esse
475 1502 682 1577 proponendas,
704 1519 764 1558 cum
785 1501 855 1575 apud
870 1509 973 1557 veteres
987 1501 1083 1575 legum

126 1583 351 1646 commentatores
372 1588 521 1642 invenimus
541 1587 648 1660 saepius
668 1585 785 1655 dictum,
806 1587 881 1659 ipsos
895 1583 1084 1641 filiusfamilias

125 1689 176 1746 pro
191 1673 247 1727 suis
262 1671 366 1727 delictis
382 1686 464 1743 posse
478 1671 625 1728 conveniri.

546 1897 602 1937 alu.
615 1896 656 1938 IX.

178 1999 211 2052 SI
228 1997 448 2062 QUADRUPES
466 1998 679 2050 PAUPERIEM
696 1997 841 2048 FECISSE
860 1997 1030 2048 DIOETUR.

77 2148 112 2188 Pr.
192 2133 352 2194 Animalium
367 2137 493 2208 nomine,
516 2153 583 2210 quae
598 2138 702 2192 ratione
717 2144 824 2203 carent,
844 2138 867 2191 si
881 2136 989 2209 quidem
1004 2137 1086 2193 lasci·

128 2223 169 2277 via
184 2230 231 2277 aut
250 2222 355 2276 lervore
375 2229 422 2276 aut
441 2222 546 2277 feritate
567 2221 720 2294 pauperiem
742 2221 870 2289 fecerint,
891 2220 995 2276 nonalis
1011 2223 1087 2278 actio

128 2305 190 2377 lege
211 2304 351 2360 duodecim
373 2303 522 2360 tabularum
542 2304 649 2376 prodita
670 2311 712 2358 cst
728 2300 809 2377 (quae
824 2303 945 2359 animalia
959 2305 982 2360 si
997 2321 1087 2360 noxae

128 2387 275 2457 dedantur,
295 2385 441 2460 proliciunt
460 2404 509 2443 reo
529 2388 561 2443 ad
582 2387 780 2457 liberationem,
796 2390 858 2458 quia
872 2388 908 2442 ita
923 2388 966 2443 lex
981 2388 1087 2444 duode-

129 2473 180 2526 cim
196 2470 347 2526 tabularum
359 2472 457 2544 scripta
469 2467 538 2545 est);
555 2481 619 2544 puta
636 2472 658 2525 si
671 2487 755 2543 equus
768 2471 927 2526 calcitrosus
939 2471 1010 2527 calce
1021 2489 1087 2544 per-

130 2556 245 2610 cusserit
266 2561 312 2609 aut
333 2552 383 2609 bos
404 2570 490 2609 cornu
517 2564 611 2627 petere
633 2554 730 2610 solitus
753 2555 870 2626 petierit.
907 2554 972 2611 llaec
993 2562 1087 2610 autem

129 2640 198 2694 actio
221 2640 247 2692 in
271 2639 327 2706 his,
350 2654 419 2709 quae
441 2645 534 2692 contra
556 2647 679 2693 naturam
701 2645 857 2708 moventur,
879 2637 968 2693 locum
986 2639 1087 2696 hahet:

130 2731 248 2778 ceterum
261 2723 283 2776 si
299 2721 423 2795 genitalis
434 2722 469 2775 sit
482 2720 587 2791 lenitas,
602 2728 698 2777 cessat.
729 2713 864 2792 ²llenique
881 2723 903 2776 si
918 2738 997 2777 ursus
1012 2722 1089 2796 fugit

129 2823 143 2861 a
166 2806 273 2861 domino
295 2814 322 2860 et
343 2807 383 2861 sic
403 2806 511 2875 nocuit,
534 2821 589 2860 non
610 2812 702 2877 potest
723 2804 857 2875 quondam
880 2804 1003 2861 domiuus
1018 2822 1088 2861 con-

128 2891 228 2959 veniri,
250 2889 310 2962 quia
326 2881 426 2944 desiit³
447 2888 570 2944 dominus
587 2904 661 2958 esse,
686 2886 732 2942 ubi
746 2887 803 2943 iera
818 2890 912 2944 evasit.
941 2889 1088 2962 pauperies

129 2982 219 3029 autem
246 2980 288 3027 est
315 2971 440 3027 damnum
468 2971 527 3026 sine
555 2973 649 3026 iniuria
671 2970 793 3027 facientis
816 2971 919 3027 datum:
943 2987 991 3028 nec
1012 2975 1088 3028 enim

198 3166 218 3230 ¹)
237 3183 272 3217 em
284 3168 430 3232 quidusdam
441 3169 516 3217 codd.
533 3167 610 3230 infer.
627 3169 728 3230 scripsi.
747 3162 788 3225 εἰς
806 3160 837 3217 τό
857 3163 966 3219 οἰκεῖον
984 3165 1087 3219 nandri-

131 3250 193 3285 rvecv
212 3232 293 3299 σῶμα
317 3234 428 3298 Theopl.
452 3233 502 3282 filii
524 3250 570 3284 om.
592 3237 706 3299 plerique
729 3236 804 3284 codd.
823 3236 880 3285 edd.
900 3235 972 3285 Scltr.
990 3240 1016 3284 et
1033 3235 1087 3285 Kr.

131 3300 152 3366 ἲ)
170 3303 203 3350 L.
231 3304 254 3351 1.
282 3302 321 3362 ἕξ.
350 3304 389 3351 10.
416 3304 440 3351 3.
468 3301 500 3350 D.
527 3303 550 3350 si
575 3303 666 3366 quadr.
693 3302 731 3364 (9,
751 3301 776 3365 1)
804 3318 839 3352 em
866 3301 925 3367 [llp.
952 3306 968 3356 l.
993 3302 1023 3352 18
1050 3306 1090 3353 od

131 3369 181 3483 pp,
198 3375 259 3484 ηιιὲξί
343 3365 363 3432 ⁵)
382 3369 461 3432 aliqui
476 3370 550 3420 codd.
567 3369 643 3430 infer.
665 3369 775 3434 Theopla.
796 3369 895 3420 desinit
913 3371 993 3420 ceteri
1008 3371 1087 3420 codd.

158 3450 222 3499 ape
259 3469 266 3484 .
