2472 3896
551 200 709 237 runanrro.
1037 197 1105 250 xm

215 338 244 394 ln
259 338 456 412 posterioribus
474 339 550 396 libris
565 357 712 412 eorumque
728 341 884 414 paraphrasi
899 340 964 396 nihil
981 340 1103 414 reperiri,

152 439 205 495 quo
221 423 388 495 Theophilus
406 439 498 480 eorum
518 433 613 480 auctor
632 441 687 480 non
706 424 790 480 inisse
806 433 950 497 arguatur,
972 424 1023 478 iam
1038 422 1102 478 dixi.

151 505 248 561 Verum
273 507 402 578 quaedam
428 509 506 564 etiam
533 511 641 579 insunt,
669 507 766 580 quibus
787 515 882 564 auctor
904 523 996 564 eorum
1019 506 1103 562 luisse

151 589 290 663 probetur.
322 589 406 646 Etiam
428 591 470 648 hic
490 608 523 647 ex
543 601 660 664 utroque
681 592 750 648 libro
766 592 884 667 exempla
899 600 1007 664 praesto
1030 596 1102 646 sunt.

151 673 180 727 ln
196 673 282 729 verbis
297 673 341 745 lV,
357 675 387 748 6,
403 675 451 732 29.
483 677 555 731 ‘cum
571 677 627 750 ipsa
639 675 736 730 mulier
750 675 782 730 de
798 676 861 730 dote
876 691 924 730 sna
939 671 1103 749 experiatur'

150 774 202 812 rox
223 755 305 830 ‘ipsa’
328 759 364 813 ita
386 759 474 832 posita
494 767 546 830 est,
569 761 666 831 utqui
688 759 792 814 incaute
814 775 844 816 ea
865 758 948 832 legat,
970 774 1020 814 nec
1041 766 1104 812 ante

152 841 360 914 constitutione,
383 842 458 898 cuius
474 852 552 899 tenor
566 841 601 898 ibi
616 843 748 914 retertur,
769 843 903 918 inspecta,
925 841 1002 897 facile
1017 841 1045 895 in
1060 857 1103 894 er-

151 941 241 981 rorem
261 926 419 998 inducatur,
442 929 487 999 qui
507 944 579 984 nunc
599 928 678 983 etiam
698 925 755 982 lere
776 927 924 982 communis
939 935 996 995 est,
1017 926 1104 997 ipsam

152 1008 290 1064 mulierem
303 1009 337 1064 ibi
355 1008 509 1083 significari,
520 1027 579 1067 cum
589 1019 676 1066 tamen
693 1012 751 1083 ipsa
769 1009 801 1065 de
814 1010 877 1066 dote
888 1025 976 1064 sermo
988 1009 1033 1064 sit.
1070 1009 1104 1062 At

152 1092 316 1168 Theophilus
328 1093 355 1148 in
366 1094 518 1166 paraphrasi
529 1111 620 1150 verum
631 1094 683 1149 hoc
694 1093 754 1150 loco
762 1094 1008 1168 sensumsequitnr,
1019 1107 1102 1164 qnan-

152 1192 231 1247 quam
239 1177 309 1230 idem
321 1179 348 1231 in
355 1177 491 1249 prioribus
504 1176 580 1233 libris
588 1181 665 1234 etiam
675 1177 775 1234 leviore
783 1193 813 1232 ex
821 1177 960 1233 verborum
968 1176 1103 1250 positione

154 1268 212 1314 orta
228 1261 317 1332 specie
333 1260 394 1332 plus
410 1259 491 1316 semel
512 1259 598 1334 decipi
613 1277 642 1315 se
657 1276 752 1334 passus
768 1269 819 1318 est.
847 1259 931 1316 Etiam
948 1259 990 1330 lll,
1006 1258 1055 1328 28,
1073 1257 1102 1315 2.

153 1341 232 1397 verba
247 1341 291 1396 illa
307 1342 360 1396 ‘vel
376 1359 453 1398 nsum
464 1383 471 1397 .
484 1383 508 1400 ..
520 1343 693 1400 similiter...
706 1344 780 1400 vohis
792 1342 950 1417 acquiritur'
964 1352 1015 1398 tam
1024 1342 1104 1398 docte

153 1427 346 1498 interpretatur
360 1441 392 1480 ex
407 1426 526 1481 lontibus
547 1425 624 1482 nobis
635 1426 801 1500 praeclusis,
818 1436 846 1482 ut
861 1428 903 1480 vin
918 1427 986 1482 alius
1001 1443 1032 1482 ao
1046 1428 1104 1501 ipse

155 1509 234 1564 huius
250 1504 284 1582 §i
305 1518 399 1566 auctor
414 1526 473 1565 esse
493 1511 590 1583 possit.
634 1508 751 1582 lienique
771 1510 939 1585 paraphrasis
959 1509 1006 1581 lll,
1022 1509 1057 1578 9,
1073 1508 1102 1564 3.

152 1590 285 1648 bonorum
300 1595 497 1666 possessionem
514 1594 633 1667 quintam
649 1602 676 1648 et
690 1601 791 1650 sentam
807 1593 844 1649 ita
861 1593 982 1668 explicat,
998 1601 1028 1648 ut
1043 1607 1103 1648 eum

153 1677 271 1750 priorem
291 1693 346 1732 non
366 1677 460 1750 plane,
481 1679 659 1751 posteriorem
679 1677 758 1751 plane
778 1693 831 1733 nou
846 1677 1010 1733 intellexisse
1024 1694 1103 1751 appa·

153 1769 220 1816 reat.
250 1762 283 1814 ht
298 1763 377 1816 etiam
391 1763 436 1834 qul
450 1769 545 1817 auctor
556 1769 598 1817 est
609 1761 809 1817 institutionum
827 1761 867 1831 lll,
881 1761 910 1831 9,
921 1762 949 1818 6.
981 1762 1104 1833 queritur

153 1842 203 1900 ‘de
225 1845 433 1918 scrupulositate
453 1853 480 1900 et
499 1845 672 1902 inextricabili
691 1861 784 1902 errore
803 1845 915 1900 duarum
929 1845 1041 1901 istarum
1056 1843 1103 1900 bo·

152 1945 248 1986 norum
263 1930 464 2001 possessionum
473 1930 493 1984 ’.

215 2010 253 2066 Er
269 2013 341 2068 hisce
357 2013 497 2085 disputatis
513 2013 706 2069 consectarium
726 2021 783 2080 est,
805 2012 946 2086 Theophili
961 2010 1103 2084 paraphra-

154 2097 191 2150 sis
212 2098 396 2154 auctoritatem
423 2098 451 2151 in
479 2095 565 2152 dubiis
588 2098 769 2169 posteriorum
791 2095 921 2151 librorum
943 2094 1103 2151 lectionibus

155 2192 297 2250 summam,
324 2180 351 2233 in
373 2181 492 2252 priorum
519 2179 625 2251 quidem
654 2180 732 2234 etiam
755 2195 875 2251 magnam
897 2189 924 2234 et
946 2178 1102 2251 plerumque

154 2261 281 2316 maiorem
301 2278 378 2334 quam
398 2262 554 2320 Latinorum
575 2262 696 2318 codicum
712 2278 788 2331 esse,
810 2262 857 2318 sed
879 2264 931 2334 ita,
953 2271 983 2317 nt
1005 2262 1048 2318 hie
1069 2279 1103 2318 ne

154 2347 212 2418 ipsc
240 2344 379 2416 aliqnando
402 2348 542 2415 erraverit,
568 2345 713 2404 cavendnm
740 2347 784 2400 sit.
828 2345 951 2402 Ceterum
973 2362 1028 2402 uon
1050 2354 1102 2416 est,

155 2429 228 2502 quod
244 2444 379 2501 moneam,
401 2432 480 2486 etiam
496 2430 664 2505 paraphrasis
687 2439 807 2486 naturam
823 2439 849 2486 et
865 2429 981 2486 indolem
1004 2429 1102 2500 lacere,

153 2522 184 2568 ut
210 2530 244 2568 ne
266 2511 363 2583 ubique
384 2514 453 2569 idem
476 2514 642 2569 auctoritatis
664 2514 768 2585 pontius
791 2515 814 2570 ei
836 2513 1034 2569 attribuendum
1055 2514 1101 2584 sit,

154 2598 265 2652 maxime
287 2596 313 2650 in
335 2596 392 2665 his,
414 2614 482 2669 quae
505 2599 588 2672 magis
610 2606 733 2652 ornatum
755 2599 884 2653 orationis
906 2597 1101 2670 verborumque

154 2680 284 2737 flexiones
296 2697 373 2752 qnam
386 2697 491 2736 sensum
507 2689 639 2754 spectant,
654 2680 695 2736 vel
711 2696 779 2753 qnae
794 2682 881 2752 aliqua
896 2681 929 2737 de
944 2697 1022 2736 eausa
1037 2697 1101 2736 con·

155 2765 226 2821 sulto
242 2764 330 2819 addita
345 2763 386 2818 vel
403 2766 499 2820 omissa
513 2774 593 2836 sunt,
616 2772 646 2819 ut
666 2766 818 2821 omissionis
833 2763 980 2838 exemplum
997 2772 1023 2819 et
1039 2780 1100 2820 cau-

154 2864 210 2904 sam
225 2849 258 2904 ad
272 2848 314 2918 lV,
331 2848 358 2917 6,
376 2846 425 2904 31.
441 2849 538 2904 notari.

217 2932 346 3006 Superest
365 2931 408 2986 illa
431 2931 461 2986 ad
482 2932 648 3006 paraphrasis
669 2933 856 2987 auctoritatem
879 2939 1003 3004 spectans
1019 2946 1100 3004 quae-

155 3017 224 3086 stio,
240 3016 346 3072 codices
361 3014 446 3070 latini
466 3030 530 3069 num
550 3015 628 3090 plane
644 3017 684 3070 sui
700 3015 765 3070 iuris
781 3015 851 3086 sint,
866 3032 898 3070 an
914 3031 976 3070 vero
1000 3031 1032 3070 ex
1054 3016 1100 3071 ali-

155 3117 207 3172 qua
228 3109 303 3173 parte
331 3101 409 3155 etiam
432 3115 446 3152 a
468 3099 616 3172 Theophilo
642 3098 785 3172 pendeant.
824 3099 910 3173 Vulgo
933 3099 998 3155 illud
1021 3100 1101 3155 tacite

154 3183 242 3253 credi,
263 3184 315 3241 hoc
336 3190 449 3258 propter
471 3181 614 3237 barbariem
637 3185 715 3239 istius
738 3182 811 3255 aevi,
833 3200 901 3256 quae
923 3183 1050 3240 Graecum
1073 3190 1102 3237 et

153 3267 274 3322 Latinum
296 3267 386 3323 orbem
407 3282 512 3322 morse
527 3267 637 3322 invicem
652 3269 777 3340 ignorare
792 3265 899 3342 iecerit,
914 3269 1005 3338 negari
1020 3266 1100 3336 solet,

154 3362 181 3408 et
195 3361 296 3422 tamen,
319 3360 349 3406 ut
369 3351 432 3406 mihi
446 3350 566 3420 videtur,
587 3352 722 3423 posterius
744 3352 821 3406 unice
835 3366 926 3404 verum
941 3359 991 3405 est.
1036 3349 1100 3404 Cum

154 3435 223 3491 enim
251 3435 433 3508 antiquissima
462 3435 661 3490 institutionum
690 3434 848 3508 exemplaria
876 3441 922 3488 aut
949 3433 975 3488 in
998 3434 1101 3488 oriente
