2500 3890
452 223 488 258 on
506 221 667 258 admoturus
685 209 733 271 IV,
751 211 775 258 6.
1035 207 1094 271 177

143 361 341 418 minuebantur.
380 360 443 417 Plus
464 369 553 418 autem
574 370 703 434 quattuor
718 362 804 418 modis
819 364 935 435 petitur:
957 378 1003 431 re,
1026 369 1145 420 tem-33¹

143 462 226 520 pore,
242 445 320 517 loco,
335 461 423 501 causa.
453 462 498 501 re:
515 446 596 500 veluti
611 447 633 501 si
648 447 708 518 quis
723 462 773 520 pro
788 446 879 501 decem
895 445 993 516 aureis,
1008 447 1055 516 qui
1069 447 1094 501 ei

143 529 323 598 debebantur,
343 530 438 603 viginti
451 531 574 602 petierit,
595 538 640 584 aut
654 529 677 584 si
692 530 729 599 is,
751 531 826 586 cuius
847 546 879 584 er
894 537 970 603 parte
984 545 1026 584 res
1042 537 1093 599 est,

143 620 227 670 totam
239 629 295 668 eam
306 612 347 667 vel
359 614 459 668 maiore
471 627 502 667 cx
515 622 590 686 parte
601 629 675 668 suam
691 629 750 668 esse
761 613 915 669 intenderit.
944 613 1075 687 Tempore
1083 619 1143 688 :13312

143 697 224 753 veluti
244 698 267 751 si
288 697 347 770 quis
368 703 429 751 ante
450 695 518 751 diem
543 696 585 751 vel
605 705 666 752 ante
687 696 870 752 condicionem
889 698 1006 769 petierit.
1041 713 1094 770 qua

143 782 246 836 ratione
261 781 333 835 enim
347 781 393 852 qui
412 780 513 834 tardius
529 781 624 850 solvit,
643 796 722 854 qaam
736 779 842 836 solvere
857 779 983 850 deberet,
1005 781 1093 836 miuus

142 864 248 920 solvere
262 862 440 936 intellegitur,
456 863 547 919 eadem
562 865 681 934 ratione,
696 865 742 935 qui
757 872 925 936 praemature
939 865 1016 936 petit,
1032 864 1093 937 plus

142 957 236 1021 petere
250 947 364 1001 videtur.
406 946 477 1002 Loco
493 945 554 1020 plus
569 949 688 1021 petitur,
703 947 786 1003 veluti
800 963 860 1002 cum
876 947 936 1019 quis
951 946 994 1016 id,
1017 947 1090 1024 quod
1100 957 1143 1005 33ο

143 1040 216 1088 certo
232 1030 294 1086 loeo
309 1029 360 1085 sibi
374 1029 518 1103 stipulatus
533 1039 589 1101 est,
605 1031 656 1086 alio
671 1031 732 1087 loco
747 1031 817 1104 petit
830 1032 888 1086 sine
903 1045 1094 1086 commemora·

142 1117 216 1171 tinne
232 1113 303 1169 illius
318 1113 388 1182 loci,
404 1115 431 1169 iu
446 1130 500 1186 quo
516 1112 566 1170 sibi
581 1115 637 1169 dari
651 1114 793 1187 stipulatus
809 1114 904 1186 luerit:
921 1111 993 1168 verbi
1007 1115 1094 1185 gratia

142 1199 164 1254 si
179 1201 212 1268 is,
230 1198 276 1270 qui
291 1197 327 1252 ita
342 1196 485 1270 stipulatus
501 1197 581 1253 fuerit
595 1215 708 1257 ursum
719 1214 802 1254 nunu
814 1196 979 1268 sronousi,
994 1197 1093 1252 Romae

141 1298 209 1357 pure
225 1280 347 1336 intendat
366 1281 423 1336 dari
443 1280 493 1335 sibi
513 1290 649 1354 oportere.
692 1282 753 1338 ideo
768 1290 855 1337 autern
870 1281 931 1354 plus
945 1289 1039 1354 petere
1053 1282 1093 1335 in-

141 1366 299 1438 tellegitur,
319 1365 380 1437 quia
394 1365 554 1434 utilitatem,
575 1381 653 1437 quam
668 1365 760 1420 babuit
774 1367 938 1438 promissor,
959 1367 982 1420 si
998 1363 1094 1437 Ephesi

142 1450 275 1519 solveret,
291 1447 382 1503 adimit
397 1449 421 1502 ei
436 1465 503 1521 pura
518 1450 679 1504 intentione:
701 1457 904 1522 propterquam
918 1464 1026 1503 eausam
1041 1447 1092 1503 alio

141 1534 203 1590 loco
225 1533 327 1605 petenti
351 1529 488 1587 arbitraria
510 1533 579 1587 actio
601 1532 777 1605 proponitur,
797 1533 824 1586 in
840 1548 891 1603 qua
906 1531 1008 1587 scilicet
1023 1532 1092 1585 ratio

141 1616 259 1673 habetur
272 1614 412 1684 utilitatis,
429 1631 496 1687 quae
510 1617 668 1687 promissori
683 1616 862 1688 competitura
876 1615 986 1684 luisset,
1008 1615 1031 1669 si
1046 1613 1092 1669 illo

141 1701 203 1757 loco
226 1700 354 1755 solveret.
397 1715 465 1770 quae
480 1699 581 1754 utilitas
597 1699 755 1772 plerumque
778 1700 805 1754 in
825 1697 957 1754 mercibus
983 1698 1093 1752 maxima

142 1785 293 1852 invenitur,
309 1783 390 1838 veluti
406 1784 482 1852 vino,
505 1781 581 1854 oleo,
603 1781 756 1855 frumento,
772 1800 839 1856 quae
854 1782 1037 1857 persingulas
1052 1798 1093 1838 re·

142 1869 237 1942 picum
252 1866 356 1921 diversa
376 1866 474 1922 habent
493 1869 594 1939 pretia:
614 1867 661 1922 sed
682 1875 709 1922 et
729 1867 857 1940 pecuniae
872 1876 1025 1923 numeratae
1039 1882 1094 1921 non

141 1955 169 2008 in
191 1949 315 2007 omnibus
335 1949 493 2024 regionibus
512 1950 562 2005 sub
582 1950 675 2005 iisdem
690 1953 779 2006 usuris
799 1951 965 2007 fenerantur.
994 1952 1016 2004 si
1032 1951 1092 2021 quis

142 2046 232 2092 tamen
247 2034 345 2106 Ephesi
360 2040 451 2107 petat,
471 2033 498 2089 id
514 2043 555 2089 est
569 2051 602 2089 eo
617 2033 677 2089 loco
693 2041 781 2107 petat,
803 2050 874 2106 quo,
896 2043 925 2088 ut
940 2033 989 2088 sibi
1004 2033 1093 2100 detur,

142 2119 287 2193 stipulatus
309 2125 364 2191 est,
389 2133 456 2190 pura
476 2119 581 2172 actione
602 2126 673 2172 recte
694 2119 764 2188 agit:
786 2116 866 2189 idque
885 2118 963 2171 etiam
985 2125 1094 2188 praetor

142 2209 291 2272 monstrat,
313 2201 414 2256 scilicet
434 2203 495 2272 quia
516 2200 618 2256 utilitas
638 2199 758 2255 solvendi
778 2199 849 2254 salva
868 2207 910 2254 est
924 2200 1092 2272 promissori.

144 2287 212 2342 lluic
227 2293 326 2354 autem,
342 2286 389 2357 qui
403 2283 464 2340 loco
480 2284 540 2356 plus
555 2293 648 2358 petere
660 2283 837 2357 intellegitur,
853 2284 990 2356 proximus
1005 2291 1048 2339 est
1059 2284 1142 2353 is,33<¹

143 2373 191 2444 qui
213 2385 293 2425 causa
314 2366 376 2441 plus
397 2369 476 2440 petit:
499 2374 530 2422 ut
552 2384 614 2424 ecce
636 2368 658 2422 si
681 2368 740 2440 quis
762 2368 799 2422 ita
819 2384 834 2421 a
853 2375 880 2422 te
901 2368 1043 2440 stipulatus
1058 2369 1094 2422 sit

142 2468 288 2511 nominum
312 2467 448 2508 sumnum
469 2466 531 2508 nur
552 2466 658 2508 nucum
679 2465 800 2508 russos
821 2467 904 2509 onas
928 2452 1094 2524 orouousi,

143 2536 240 2593 deinde
262 2535 419 2590 alterutrum
441 2542 525 2607 petat,
547 2534 630 2590 veluti
652 2535 787 2590 hominem
810 2543 911 2591 tantum
934 2544 981 2591 aut
1002 2537 1094 2592 decern

144 2611 259 2676 aureos¹
277 2626 391 2674 tantum.
427 2617 488 2674 ideo
504 2627 592 2674 autem
606 2617 668 2691 plus
683 2627 777 2692 petere
791 2620 974 2694 intellegitur,
990 2621 1051 2691 quia
1066 2621 1094 2674 in

144 2721 177 2761 eo
193 2719 293 2778 genere
302 2701 483 2775 stipulationis
497 2703 669 2775 promissoris
681 2710 722 2757 est
733 2704 840 2777 electio,
855 2711 944 2758 utrum
955 2704 1093 2776 pecuniam

137 2805 178 2844 an
198 2788 334 2842 hominem
358 2785 464 2841 solvere
484 2785 571 2841 malit:
595 2788 640 2858 qui
665 2788 749 2861 igitur
768 2789 907 2859 pecuniam
928 2795 1030 2840 tantum
1052 2785 1094 2840 vel

144 2872 280 2928 bominem
295 2878 397 2925 tuntum
414 2869 464 2925 sibi
479 2869 535 2925 dari
550 2879 676 2943 oportere
691 2869 820 2940 intendit,
843 2871 923 2942 eripit
937 2869 1093 2925 electionem

146 2956 298 3010 adversario
321 2961 348 3009 et
370 2970 402 3009 eo
425 2953 505 3009 modo
528 2970 602 3008 suam
625 2955 731 3025 quidem
753 2953 889 3009 meliorem
911 2953 1094 3008 condicionem

146 3039 219 3108 iacit,
234 3037 376 3093 adversarii
395 3054 458 3092 vero
479 3039 520 3093 sui
535 3036 706 3092 deteriorem.
738 3036 837 3109 quade
853 3053 930 3091 causa
948 3036 1007 3091 talis
1022 3038 1049 3091 in
1064 3053 1094 3092 ea

144 3139 175 3178 re
189 3121 296 3195 prodita
318 3129 360 3176 est
379 3122 463 3191 actio,
486 3130 515 3176 ut
532 3122 591 3194 quis
606 3120 743 3189 intendat,
769 3121 901 3175 bominem
915 3119 1034 3175 Stichum
1049 3128 1095 3175 aut

137 3221 242 3261 aureos
254 3205 346 3261 decem
359 3203 407 3259 sibi
419 3204 475 3259 dari
488 3212 623 3277 oportere,
641 3203 667 3258 id
679 3211 762 3259 estut
775 3204 869 3259 eodem
885 3203 964 3260 modo
979 3213 1093 3277 peteret,

214 3465 235 3533 ¹.)
254 3467 279 3516 E
290 3469 325 3518 W
343 3468 453 3531 Tbeopb.
471 3483 566 3518 aureos
584 3484 630 3522 om.
649 3468 674 3518 B
692 3471 731 3523 ed.
749 3469 798 3520 Kr.

181 3565 331 3602 rvsrnunnr
349 3566 563 3606 rnsrrrvrroruas.
914 3556 944 3605 12
