2472 3896
134 207 155 269 2
236 177 238 182 ,

136 371 163 418 et
186 362 308 436 quadiu
330 365 421 436 priore
444 371 568 435 tempore
588 363 629 417 vix
650 372 715 436 post
736 365 879 419 triennium
902 361 1090 422 inferioribus¹

135 445 318 519 contingebat,
342 455 371 502 ut
387 454 452 503 tunc
467 446 676 503 constitutiones
691 449 876 520 imperatorias
892 448 1026 523 legerent,
1039 450 1093 508 boc

135 547 183 585 vos
206 547 220 584 a
242 530 388 602 primordio
416 531 618 604 ingrediamini,
645 530 720 604 digni
743 538 816 587 tauto
839 532 943 588 bonore
965 541 1094 608 tantaque

135 615 235 686 reperti
251 613 387 684 felicitate,
412 622 442 669 ut
457 623 484 669 et
499 615 604 671 initium
619 612 693 670 vobis
709 623 736 669 et
751 614 810 669 finis
825 613 916 688 legum
932 617 1093 674 eruditionis

103 701 119 748 4
137 714 151 751 a
173 713 240 753 voce
260 697 401 770 principali
415 699 551 770 procedat.
594 698 681 771 igitur
702 707 765 771 post
787 698 872 753 libros
894 700 1090 776 quinquaginta

135 781 303 854 digestorum
317 798 366 837 sou
380 781 580 853 pandectarum,
595 783 622 837 in
639 798 707 855 quos
724 798 803 837 omne
818 783 860 837 ius
876 784 1015 856 antiquum
1035 786 1092 841 col-

134 863 218 920 latum
234 873 275 920 est
295 858 377 943 (quos
392 882 441 939 per
456 866 570 922 cundem
585 867 670 920 virum
687 867 819 922 excelsum
835 865 1024 923 'lribouianum
1040 885 1091 924 nec

134 964 189 1003 non
201 956 307 1005 ceteros
317 951 389 1004 viros
401 949 520 1006 illustres
533 943 560 1005 e'i
571 948 776 1005 facundissimos
794 944 980 1024 confecimus),
996 953 1023 1007 iu
1038 953 1091 1007 bos

134 1039 265 1104 quattuor
280 1032 363 1088 libros
384 1033 490 1088 easdem
505 1034 688 1089 institutiones
711 1034 804 1105 partiri
825 1034 959 1104 iussimus,
984 1044 1014 1090 ut
1036 1038 1090 1091 siut

101 1121 117 1168 5
137 1117 220 1171 totius
235 1116 370 1189 legitimae
386 1118 512 1172 scientiae
527 1118 611 1190 prima
626 1116 767 1172 elementa.
797 1115 897 1182 Quibus
913 1117 1029 1174 breviter
1044 1135 1089 1174 en·

135 1200 253 1273 positum
275 1209 316 1256 est
336 1210 363 1257 et
384 1200 457 1272 quod
471 1209 547 1256 antea
563 1201 700 1272 optinebat
715 1209 742 1256 et
758 1200 830 1274 quod
845 1210 939 1272 postea
960 1202 1088 1259 desuetu-

102 1291 117 1338 6
135 1285 198 1340 dine
210 1283 389 1340 inumbratum
405 1283 436 1338 ab
452 1283 581 1358 imperiali
595 1284 713 1340 remedio
734 1284 909 1340 illuminatum
930 1293 980 1342 est.
1018 1286 1089 1353 Quas

134 1384 167 1423 ex
182 1367 305 1424 omnibus
320 1369 492 1441 antiquorum
508 1365 723 1424 institutionibus
747 1376 774 1423 et
796 1369 938 1442 praecipue
960 1385 992 1424 ex
1014 1387 1086 1426 com·

134 1453 269 1508 mentariis
282 1451 337 1508 Gaii
348 1454 435 1507 nostri
451 1460 502 1508 tam
518 1453 717 1508 institutionum
732 1469 811 1525 quam
826 1467 915 1507 rerum
930 1453 1087 1509 cottidiana·

133 1552 192 1591 rum
209 1535 320 1609 aliisque
336 1536 425 1591 multis
446 1537 643 1592 commentariis
665 1537 828 1608 compositas
851 1551 910 1591 cum
933 1545 988 1591 tres
1010 1553 1088 1610 prae·

134 1619 197 1674 dicti
209 1621 257 1675 viri
267 1619 413 1692 prudentes
425 1618 502 1675 nobis
515 1620 682 1693 optulerunt,
698 1628 725 1674 et
739 1618 853 1692 legimus
869 1626 898 1674 et
911 1623 1087 1693 eognovimus

133 1711 160 1758 et
175 1703 358 1775 plenissimum
374 1712 526 1758 nostrarum
542 1704 764 1759 constitutionum
779 1701 862 1758 robur
882 1704 920 1758 eis
939 1720 1088 1760 accommo-

133 1786 262 1842 davimus.

100 1879 115 1926 7
197 1870 305 1926 Summa
319 1871 411 1942 itaque
427 1885 477 1943 ope
493 1877 520 1924 et
535 1869 615 1925 alacri
629 1868 719 1924 studio
740 1869 788 1924 bas
802 1870 877 1942 leges
898 1880 1005 1926 nostras
1020 1873 1088 1927 acci-

133 1954 190 2028 pite
205 1963 232 2009 et
247 1962 351 2009 vosmet
364 1955 440 2026 ipsos
455 1951 495 2010 sic
511 1953 631 2008 eruditos
654 1953 799 2023 ostendite,
822 1962 852 2008 ut
873 1969 936 2026 spes
957 1970 1006 2010 vos
1027 1954 1087 2027 pul·

133 2038 263 2094 cherrima
285 2038 388 2110 foveat,
417 2045 475 2092 toto
497 2036 618 2110 legitimo
642 2052 723 2109 opere
745 2036 882 2110 perlecto,
904 2053 985 2110 posse
1007 2038 1087 2094 etiam

132 2131 253 2178 nostram
274 2138 332 2177 rem
354 2119 486 2197 publicam
508 2121 535 2176 in
556 2120 677 2193 partibus
700 2122 758 2176 eius
779 2119 854 2176 vobis
876 2120 1015 2177 credendis
1037 2139 1089 2194 gu·

131 2203 252 2264 bernare.

195 2289 259 2344 Data
271 2289 410 2344 undecimo
421 2288 547 2344 kalendas
563 2287 718 2344 Decembres
730 2286 962 2360 Constantinopoli
978 2287 1087 2345 domino

132 2379 227 2428 nostro
243 2371 390 2427 iustiniano
406 2381 537 2444 perpetuo
553 2370 678 2444 Augusto
699 2373 810 2427 tertium
829 2371 950 2426 consule.
985 2367 1086 2448 (533).

200 2532 220 2596 ¹)
239 2535 286 2583 vix
308 2539 371 2597 post
393 2533 600 2598 quadriennium·
617 2532 754 2596 prioribus
776 2547 860 2582 ornnes
881 2535 955 2582 codd.
979 2542 1004 2583 et
1026 2537 1085 2588 edd.

132 2616 248 2650 necuere
261 2608 286 2650 et
297 2603 389 2650 insulse
401 2608 465 2680 post
482 2601 511 2648 in
523 2601 611 2664 priore
623 2604 704 2664 temp.
722 2591 794 2664 perd
811 2597 906 2663 τριετῆ
924 2593 1005 2663 μόλις
1023 2595 1086 2664 χρό-

132 2683 184 2718 νον
202 2669 262 2724 τοῖς
281 2658 507 2731 ἀναγινωσκονσι
524 2674 594 2716 recte
610 2666 719 2729 Tbeopll.
733 2681 793 2730 erpo
806 2668 947 2729 legendum:
965 2668 1011 2716 vix
1023 2674 1086 2731 post

132 2735 277 2785 triennium
289 2734 470 2783 inferioribus.
497 2734 530 2796 cf.
549 2733 582 2785 L.
602 2737 625 2782 1.
646 2734 668 2793 ἓ.
682 2735 706 2782 7.
724 2733 756 2780 D.
774 2735 806 2782 dc
824 2736 870 2796 leg.
888 2733 913 2786 8.
944 2735 1044 2784 Oicad
1055 2733 1085 2794 Q.

129 2803 167 2864 fr.
181 2804 204 2861 3,
219 2805 243 2861 ὅ,
257 2804 281 2855 2.
304 2800 380 2851 Brut.
391 2804 431 2856 49,
446 2802 502 2853 182.
516 2801 556 2848 iu·
568 2799 855 2861 adtaesteo.triennir·1,
873 2816 908 2850 en
926 2817 974 2864 quo
990 2803 1086 2860 factam

130 2887 147 2920 a
164 2873 227 2920 mele
245 2871 326 2919 doctis
339 2868 552 2934 quadriennium,
571 2883 625 2915 cnm
642 2883 691 2915 non
708 2869 889 2931 intellegerent,
907 2869 1086 2930 imperatorem

130 2948 191 3001 poet
204 2937 349 2987 triennium
360 2936 499 2985 inferiores
512 2937 597 2983 dicere
609 2934 652 2998 qui
664 2935 792 2982 ‘doctrina
804 2936 874 2984 tertii
889 2937 950 2983 anni
961 2937 1013 2998 fine
1025 2951 1083 2985 eon·

131 3007 210 3053 clasa'
230 3003 318 3069 (const.
339 3002 436 3053 Omnem
452 3003 518 3065 reip.
537 3002 559 3060 ἕ.
578 3002 602 3050 4.
617 3001 675 3062 fin.)
698 3003 794 3066 reliquo
812 3003 890 3050 studii
906 3007 1019 3064 tempore
1035 3019 1086 3066 per

130 3073 289 3134 semetipsos
300 3071 450 3125 recitabant,
468 3067 544 3130 (ande
563 3083 606 3116 eoo
625 3068 735 3130 Tbeoplt.
748 3061 815 3126 τούς
833 3061 1083 3129 ἀναγινώσκοντας

51 3195 52 3198 ¹
132 3136 203 3202 dicit)
216 3140 296 3203 iisqne
312 3139 386 3186 etiam
403 3138 450 3186 oirc‘
461 3143 520 3199 post
536 3137 678 3196 triennium,
696 3143 723 3184 ut
739 3137 917 3199 imperatorias
929 3137 1085 3186 contitutio-

131 3221 175 3256 nes
193 3209 313 3270 legerent,
333 3205 482 3266 contigisse,
507 3204 566 3268 quia
583 3204 669 3266 quarti
685 3204 745 3252 anni
761 3205 855 3252 demam
873 3205 953 3253 altero
970 3205 1085 3252 cemeotri

132 3273 207 3338 urea.
220 3280 246 3322 et
257 3273 345 3324 Herm.
358 3273 476 3334 codicem,
490 3271 576 3336 quinto
588 3286 654 3320 anno
666 3272 739 3319 etiam
755 3269 798 3321 Tb.
811 3275 926 3319 tractare
936 3278 1084 3326 euenerant:

131 3357 187 3390 narn
206 3341 248 3389 ‘in
266 3345 409 3404 quartum
427 3342 546 3387 annnm’
566 3337 646 3399 (caius
661 3339 749 3402 priore
765 3337 861 3402 scilicet
876 3339 991 3386 semestri
1001 3337 1087 3386 Paulli

130 3422 255 3471 responsa
277 3404 434 3536 recitagtant)
458 3407 546 3455 ‘omnis
567 3407 686 3469 antiquae
712 3403 902 3467 prudentiae
925 3405 985 3464 finis
1011 3407 1083 3452 erat’

131 3474 221 3535 (const.
240 3477 282 3522 cit.
301 3473 323 3534 ξ.
344 3476 378 3528 1,
