<?xml version="1.0" encoding="UTF-8"?>
<!DOCTYPE html PUBLIC "-//W3C//DTD XHTML 1.0 Transitional//EN"
    "http://www.w3.org/TR/xhtml1/DTD/xhtml1-transitional.dtd">
<html xmlns="http://www.w3.org/1999/xhtml" xml:lang="en" lang="en">
 <head>
  <title>
</title>
<meta http-equiv="Content-Type" content="text/html;charset=utf-8" />
  <meta name='ocr-system' content='tesseract 3.04.00' />
  <meta name='ocr-capabilities' content='ocr_page ocr_carea ocr_par ocr_line ocrx_word'/>
</head>
<body>
  <div class='ocr_page' id='page_1' title='image "./impiustinianiin00huscgoog_0033.png"; bbox 0 0 2472 3896; ppageno 0'>
   <div class='ocr_carea' id='block_1_1' title="bbox 128 185 753 250">
    <p class='ocr_par' dir='ltr' id='par_1_1' title="bbox 128 185 753 250">
     <span class='ocr_line' id='line_1_1' title="bbox 128 185 753 250; baseline 0.002 -14"><span class='ocrx_word' id='word_1_1' title='bbox 128 185 148 248; x_wconf 89' lang='lat'><em>8</em></span> <span class='ocrx_word' id='word_1_2' title='bbox 460 201 497 236; x_wconf 76' lang='lat' dir='ltr'><strong>ns</strong></span> <span class='ocrx_word' id='word_1_3' title='bbox 516 200 670 237; x_wconf 76' lang='lat' dir='ltr'><strong>nmsnmnts</strong></span> <span class='ocrx_word' id='word_1_4' title='bbox 688 187 711 250; x_wconf 91' lang='lat'><strong>1,</strong></span> <span class='ocrx_word' id='word_1_5' title='bbox 730 188 753 238; x_wconf 83' lang='lat'><strong>5.</strong></span> 
     </span>
    </p>
   </div>
   <div class='ocr_carea' id='block_1_2' title="bbox 97 339 1092 916">
    <p class='ocr_par' dir='ltr' id='par_1_2' title="bbox 97 339 1092 916">
     <span class='ocr_line' id='line_1_2' title="bbox 129 339 1092 418; baseline -0.003 -20"><span class='ocrx_word' id='word_1_6' title='bbox 129 345 280 418; x_wconf 89' lang='lat' dir='ltr'><strong>quaesitum</strong></span> <span class='ocrx_word' id='word_1_7' title='bbox 296 343 348 414; x_wconf 86' lang='lat' dir='ltr'><strong>est,</strong></span> <span class='ocrx_word' id='word_1_8' title='bbox 371 343 394 398; x_wconf 90' lang='lat' dir='ltr'><strong>si</strong></span> <span class='ocrx_word' id='word_1_9' title='bbox 409 341 502 398; x_wconf 89' lang='lat' dir='ltr'><strong>ancilla</strong></span> <span class='ocrx_word' id='word_1_10' title='bbox 517 358 668 416; x_wconf 80' lang='lat' dir='ltr'>praegnans</span> <span class='ocrx_word' id='word_1_11' title='bbox 684 342 845 398; x_wconf 88' lang='lat' dir='ltr'><strong>manumissa</strong></span> <span class='ocrx_word' id='word_1_12' title='bbox 862 344 909 414; x_wconf 85' lang='lat' dir='ltr'><strong>slt,</strong></span> <span class='ocrx_word' id='word_1_13' title='bbox 929 339 1025 397; x_wconf 79' lang='lat' dir='ltr'>delude</span> <span class='ocrx_word' id='word_1_14' title='bbox 1040 356 1092 395; x_wconf 92' lang='lat' dir='ltr'><strong>an-</strong></span> 
     </span>
     <span class='ocr_line' id='line_1_3' title="bbox 129 423 1089 502; baseline -0.005 -18"><span class='ocrx_word' id='word_1_15' title='bbox 129 428 188 484; x_wconf 91' lang='lat' dir='ltr'><strong>cilla</strong></span> <span class='ocrx_word' id='word_1_16' title='bbox 204 436 300 500; x_wconf 90' lang='lat' dir='ltr'><strong>postea</strong></span> <span class='ocrx_word' id='word_1_17' title='bbox 321 425 389 482; x_wconf 85' lang='lat' dir='ltr'><strong>iacta</strong></span> <span class='ocrx_word' id='word_1_18' title='bbox 410 427 526 502; x_wconf 82' lang='lat' dir='ltr'>peperit,</span> <span class='ocrx_word' id='word_1_19' title='bbox 548 425 661 484; x_wconf 86' lang='lat' dir='ltr'><strong>liberum</strong></span> <span class='ocrx_word' id='word_1_20' title='bbox 677 443 710 482; x_wconf 88' lang='lat' dir='ltr'><strong>an</strong></span> <span class='ocrx_word' id='word_1_21' title='bbox 725 442 832 482; x_wconf 90' lang='lat' dir='ltr'><strong>servum</strong></span> <span class='ocrx_word' id='word_1_22' title='bbox 849 426 953 500; x_wconf 78' lang='lat' dir='ltr'><strong>pariari</strong></span> <span class='ocrx_word' id='word_1_23' title='bbox 975 433 1003 481; x_wconf 90' lang='lat' dir='ltr'><strong>et</strong></span> <span class='ocrx_word' id='word_1_24' title='bbox 1017 423 1089 480; x_wconf 84' lang='lat' dir='ltr'><strong>llar-</strong></span> 
     </span>
     <span class='ocr_line' id='line_1_4' title="bbox 129 508 1090 584; baseline -0.004 -17"><span class='ocrx_word' id='word_1_25' title='bbox 129 511 214 568; x_wconf 87' lang='lat' dir='ltr'><strong>eellus</strong></span> <span class='ocrx_word' id='word_1_26' title='bbox 228 509 337 584; x_wconf 87' lang='lat' dir='ltr'><strong>probat,</strong></span> <span class='ocrx_word' id='word_1_27' title='bbox 360 509 471 566; x_wconf 88' lang='lat' dir='ltr'><strong>liberum</strong></span> <span class='ocrx_word' id='word_1_28' title='bbox 492 513 590 567; x_wconf 63' lang='lat' dir='ltr'><strong>nescis</strong></span> <span class='ocrx_word' id='word_1_29' title='bbox 603 508 703 567; x_wconf 78' lang='lat' dir='ltr'><strong>suflicit</strong></span> <span class='ocrx_word' id='word_1_30' title='bbox 725 510 795 566; x_wconf 85' lang='lat' dir='ltr'><strong>onim</strong></span> <span class='ocrx_word' id='word_1_31' title='bbox 817 512 851 580; x_wconf 88' lang='lat' dir='ltr'><strong>el,</strong></span> <span class='ocrx_word' id='word_1_32' title='bbox 876 511 971 584; x_wconf 92' lang='lat' dir='ltr'><strong>quiin</strong></span> <span class='ocrx_word' id='word_1_33' title='bbox 991 515 1090 564; x_wconf 81' lang='lat' dir='ltr'><strong>ventre</strong></span> 
     </span>
     <span class='ocr_line' id='line_1_5' title="bbox 129 592 1089 668; baseline -0.003 -18"><span class='ocrx_word' id='word_1_34' title='bbox 129 603 184 666; x_wconf 87' lang='lat' dir='ltr'><strong>est,</strong></span> <span class='ocrx_word' id='word_1_35' title='bbox 207 593 317 650; x_wconf 90' lang='lat' dir='ltr'><strong>liberam</strong></span> <span class='ocrx_word' id='word_1_36' title='bbox 344 601 455 649; x_wconf 89' lang='lat' dir='ltr'><strong>matrem</strong></span> <span class='ocrx_word' id='word_1_37' title='bbox 483 593 524 650; x_wconf 83' lang='lat' dir='ltr'><strong>rel</strong></span> <span class='ocrx_word' id='word_1_38' title='bbox 546 593 632 650; x_wconf 85' lang='lat' dir='ltr'><strong>medio</strong></span> <span class='ocrx_word' id='word_1_39' title='bbox 654 602 776 668; x_wconf 89' lang='lat' dir='ltr'><strong>tempore</strong></span> <span class='ocrx_word' id='word_1_40' title='bbox 798 593 939 652; x_wconf 84' lang='lat' dir='ltr'><strong>imbuisse:</strong></span> <span class='ocrx_word' id='word_1_41' title='bbox 962 592 1035 667; x_wconf 91' lang='lat' dir='ltr'><strong>qnod</strong></span> <span class='ocrx_word' id='word_1_42' title='bbox 1058 601 1089 647; x_wconf 89' lang='lat' dir='ltr'><strong>et</strong></span> 
     </span>
     <span class='ocr_line' id='line_1_6' title="bbox 97 674 1089 751; baseline 0 -20"><span class='ocrx_word' id='word_1_43' title='bbox 97 680 110 727; x_wconf 89' lang='lat' dir='ltr'><strong>l</strong></span> <span class='ocrx_word' id='word_1_44' title='bbox 129 695 221 734; x_wconf 85' lang='lat' dir='ltr'><strong>rernm</strong></span> <span class='ocrx_word' id='word_1_45' title='bbox 237 687 287 734; x_wconf 86' lang='lat' dir='ltr'><strong>est.</strong></span> <span class='ocrx_word' id='word_1_46' title='bbox 318 676 382 732; x_wconf 87' lang='lat' dir='ltr'><strong>Cum</strong></span> <span class='ocrx_word' id='word_1_47' title='bbox 398 685 486 733; x_wconf 89' lang='lat' dir='ltr'><strong>antem</strong></span> <span class='ocrx_word' id='word_1_48' title='bbox 501 678 636 751; x_wconf 79' lang='lat' dir='ltr'><strong>ingenuus</strong></span> <span class='ocrx_word' id='word_1_49' title='bbox 654 677 750 750; x_wconf 83' lang='lat' dir='ltr'><strong>aliquis</strong></span> <span class='ocrx_word' id='word_1_50' title='bbox 764 686 843 734; x_wconf 89' lang='lat' dir='ltr'><strong>natus</strong></span> <span class='ocrx_word' id='word_1_51' title='bbox 858 680 904 751; x_wconf 87' lang='lat' dir='ltr'><strong>sit,</strong></span> <span class='ocrx_word' id='word_1_52' title='bbox 926 694 982 734; x_wconf 91' lang='lat' dir='ltr'><strong>non</strong></span> <span class='ocrx_word' id='word_1_53' title='bbox 997 674 1089 733; x_wconf 85' lang='lat' dir='ltr'><strong>officit</strong></span> 
     </span>
     <span class='ocr_line' id='line_1_7' title="bbox 130 760 1086 836; baseline -0.001 -19"><span class='ocrx_word' id='word_1_54' title='bbox 130 762 169 818; x_wconf 95' lang='lat' dir='ltr'><strong>illi</strong></span> <span class='ocrx_word' id='word_1_55' title='bbox 183 765 211 818; x_wconf 91' lang='lat' dir='ltr'><strong>in</strong></span> <span class='ocrx_word' id='word_1_56' title='bbox 226 763 356 830; x_wconf 84' lang='lat' dir='ltr'><strong>servitute</strong></span> <span class='ocrx_word' id='word_1_57' title='bbox 371 760 455 816; x_wconf 90' lang='lat' dir='ltr'><strong>inisse</strong></span> <span class='ocrx_word' id='word_1_58' title='bbox 470 770 497 817; x_wconf 91' lang='lat' dir='ltr'><strong>et</strong></span> <span class='ocrx_word' id='word_1_59' title='bbox 511 771 606 833; x_wconf 88' lang='lat' dir='ltr'><strong>postea</strong></span> <span class='ocrx_word' id='word_1_60' title='bbox 621 763 811 820; x_wconf 89' lang='lat' dir='ltr'><strong>manumissum</strong></span> <span class='ocrx_word' id='word_1_61' title='bbox 833 778 907 820; x_wconf 84' lang='lat' dir='ltr'><strong>osse:</strong></span> <span class='ocrx_word' id='word_1_62' title='bbox 928 761 1086 836; x_wconf 87' lang='lat' dir='ltr'><strong>saepissime</strong></span> 
     </span>
     <span class='ocr_line' id='line_1_8' title="bbox 130 843 1089 916; baseline -0.001 -15"><span class='ocrx_word' id='word_1_63' title='bbox 130 847 200 902; x_wconf 91' lang='lat' dir='ltr'><strong>enim</strong></span> <span class='ocrx_word' id='word_1_64' title='bbox 220 845 399 902; x_wconf 89' lang='lat' dir='ltr'><strong>constitutum</strong></span> <span class='ocrx_word' id='word_1_65' title='bbox 419 854 475 916; x_wconf 87' lang='lat' dir='ltr'><strong>est,</strong></span> <span class='ocrx_word' id='word_1_66' title='bbox 497 844 629 902; x_wconf 77' lang='lat' dir='ltr'><strong>natalibus</strong></span> <span class='ocrx_word' id='word_1_67' title='bbox 645 861 699 902; x_wconf 92' lang='lat' dir='ltr'><strong>non</strong></span> <span class='ocrx_word' id='word_1_68' title='bbox 714 843 824 903; x_wconf 81' lang='lat' dir='ltr'><strong>officere</strong></span> <span class='ocrx_word' id='word_1_69' title='bbox 839 847 1089 903; x_wconf 75' lang='lat' dir='ltr'><strong>manumissionem.</strong></span> 
     </span>
    </p>
   </div>
   <div class='ocr_carea' id='block_1_3' title="bbox 469 1055 749 1193">
    <p class='ocr_par' dir='ltr' id='par_1_3' title="bbox 469 1055 749 1193">
     <span class='ocr_line' id='line_1_9' title="bbox 557 1055 656 1095; baseline -0.03 0"><span class='ocrx_word' id='word_1_70' title='bbox 557 1055 614 1095; x_wconf 81' lang='lat' dir='ltr'><strong>nm.</strong></span> <span class='ocrx_word' id='word_1_71' title='bbox 626 1055 656 1094; x_wconf 86' lang='lat' dir='ltr'><strong>v.</strong></span> 
     </span>
     <span class='ocr_line' id='line_1_10' title="bbox 469 1137 749 1193; baseline 0.011 -3"><span class='ocrx_word' id='word_1_72' title='bbox 469 1139 518 1190; x_wconf 78' lang='lat' dir='ltr'><strong>Dm</strong></span> <span class='ocrx_word' id='word_1_73' title='bbox 536 1137 749 1193; x_wconf 78' lang='lat' dir='ltr'>LIBERTINIS.</span> 
     </span>
    </p>
   </div>
   <div class='ocr_carea' id='block_1_4' title="bbox 80 1257 1094 2844">
    <p class='ocr_par' dir='ltr' id='par_1_4' title="bbox 80 1257 1090 2090">
     <span class='ocr_line' id='line_1_11' title="bbox 80 1257 1089 1336; baseline -0.001 -15"><span class='ocrx_word' id='word_1_74' title='bbox 80 1271 115 1312; x_wconf 73' lang='lat' dir='ltr'><strong>Pr·</strong></span> <span class='ocrx_word' id='word_1_75' title='bbox 196 1257 346 1321; x_wconf 87' lang='lat' dir='ltr'><strong>¹Libertini</strong></span> <span class='ocrx_word' id='word_1_76' title='bbox 368 1273 447 1333; x_wconf 88' lang='lat' dir='ltr'><strong>sunt,</strong></span> <span class='ocrx_word' id='word_1_77' title='bbox 470 1263 519 1336; x_wconf 89' lang='lat' dir='ltr'><strong>qui</strong></span> <span class='ocrx_word' id='word_1_78' title='bbox 539 1279 570 1318; x_wconf 86' lang='lat' dir='ltr'><strong>ex</strong></span> <span class='ocrx_word' id='word_1_79' title='bbox 593 1264 663 1318; x_wconf 88' lang='lat' dir='ltr'><strong>iusta</strong></span> <span class='ocrx_word' id='word_1_80' title='bbox 686 1265 814 1320; x_wconf 90' lang='lat' dir='ltr'><strong>servitute</strong></span> <span class='ocrx_word' id='word_1_81' title='bbox 837 1264 990 1320; x_wconf 76' lang='lat' dir='ltr'><strong>manumissi</strong></span> <span class='ocrx_word' id='word_1_82' title='bbox 1012 1271 1089 1320; x_wconf 88' lang='lat' dir='ltr'><strong>sunt.</strong></span> 
     </span>
     <span class='ocr_line' id='line_1_12' title="bbox 130 1343 1089 1421; baseline -0.003 -17"><span class='ocrx_word' id='word_1_83' title='bbox 130 1343 326 1408; x_wconf 87' lang='lat' dir='ltr'><strong>²llanumissio</strong></span> <span class='ocrx_word' id='word_1_84' title='bbox 342 1355 431 1404; x_wconf 86' lang='lat' dir='ltr'><strong>autem</strong></span> <span class='ocrx_word' id='word_1_85' title='bbox 453 1355 495 1404; x_wconf 90' lang='lat' dir='ltr'><strong>est</strong></span> <span class='ocrx_word' id='word_1_86' title='bbox 510 1345 582 1404; x_wconf 91' lang='lat' dir='ltr'><strong>datio</strong></span> <span class='ocrx_word' id='word_1_87' title='bbox 599 1347 741 1404; x_wconf 77' lang='lat' dir='ltr'><strong>libertatis:</strong></span> <span class='ocrx_word' id='word_1_88' title='bbox 766 1364 826 1403; x_wconf 89' lang='lat' dir='ltr'><strong>nam</strong></span> <span class='ocrx_word' id='word_1_89' title='bbox 841 1347 966 1421; x_wconf 83' lang='lat' dir='ltr'><strong>quamdiu</strong></span> <span class='ocrx_word' id='word_1_90' title='bbox 982 1348 1043 1420; x_wconf 89' lang='lat' dir='ltr'><strong>quis</strong></span> <span class='ocrx_word' id='word_1_91' title='bbox 1058 1349 1089 1402; x_wconf 89' lang='lat' dir='ltr'><strong>in</strong></span> 
     </span>
     <span class='ocr_line' id='line_1_13' title="bbox 130 1431 1089 1505; baseline -0.005 -15"><span class='ocrx_word' id='word_1_92' title='bbox 130 1434 261 1490; x_wconf 88' lang='lat' dir='ltr'><strong>servitute</strong></span> <span class='ocrx_word' id='word_1_93' title='bbox 284 1440 335 1504; x_wconf 88' lang='lat' dir='ltr'><strong>est,</strong></span> <span class='ocrx_word' id='word_1_94' title='bbox 358 1432 449 1488; x_wconf 90' lang='lat' dir='ltr'><strong>manui</strong></span> <span class='ocrx_word' id='word_1_95' title='bbox 463 1439 491 1488; x_wconf 89' lang='lat' dir='ltr'><strong>et</strong></span> <span class='ocrx_word' id='word_1_96' title='bbox 505 1433 633 1504; x_wconf 78' lang='lat' dir='ltr'><strong>potestati</strong></span> <span class='ocrx_word' id='word_1_97' title='bbox 647 1432 807 1505; x_wconf 89' lang='lat' dir='ltr'><strong>suppositus</strong></span> <span class='ocrx_word' id='word_1_98' title='bbox 822 1439 875 1501; x_wconf 87' lang='lat' dir='ltr'><strong>est,</strong></span> <span class='ocrx_word' id='word_1_99' title='bbox 897 1440 925 1486; x_wconf 90' lang='lat' dir='ltr'><strong>et</strong></span> <span class='ocrx_word' id='word_1_100' title='bbox 939 1431 1089 1486; x_wconf 87' lang='lat' dir='ltr'><strong>manumis-</strong></span> 
     </span>
     <span class='ocr_line' id='line_1_14' title="bbox 131 1516 1090 1590; baseline -0.004 -16"><span class='ocrx_word' id='word_1_101' title='bbox 131 1535 177 1575; x_wconf 87' lang='lat' dir='ltr'><strong>sus</strong></span> <span class='ocrx_word' id='word_1_102' title='bbox 199 1517 330 1574; x_wconf 86' lang='lat' dir='ltr'><strong>liberetnr</strong></span> <span class='ocrx_word' id='word_1_103' title='bbox 351 1524 497 1590; x_wconf 82' lang='lat' dir='ltr'><strong>potestate.</strong></span> <span class='ocrx_word' id='word_1_104' title='bbox 540 1531 674 1588; x_wconf 87' lang='lat' dir='ltr'><strong>quaeres</strong></span> <span class='ocrx_word' id='word_1_105' title='bbox 696 1532 711 1570; x_wconf 92' lang='lat' dir='ltr'><strong>a</strong></span> <span class='ocrx_word' id='word_1_106' title='bbox 732 1517 790 1570; x_wconf 88' lang='lat' dir='ltr'><strong>iure</strong></span> <span class='ocrx_word' id='word_1_107' title='bbox 813 1517 934 1587; x_wconf 80' lang='lat' dir='ltr'><strong>gentium</strong></span> <span class='ocrx_word' id='word_1_108' title='bbox 955 1516 1090 1587; x_wconf 79' lang='lat' dir='ltr'><strong>originem</strong></span> 
     </span>
     <span class='ocr_line' id='line_1_15' title="bbox 131 1597 1090 1675; baseline -0.003 -18"><span class='ocrx_word' id='word_1_109' title='bbox 131 1603 260 1675; x_wconf 88' lang='lat' dir='ltr'><strong>sumpsit,</strong></span> <span class='ocrx_word' id='word_1_110' title='bbox 284 1608 379 1674; x_wconf 86' lang='lat' dir='ltr'><strong>utpote</strong></span> <span class='ocrx_word' id='word_1_111' title='bbox 401 1616 461 1655; x_wconf 89' lang='lat' dir='ltr'><strong>cum</strong></span> <span class='ocrx_word' id='word_1_112' title='bbox 483 1599 541 1654; x_wconf 90' lang='lat' dir='ltr'><strong>inre</strong></span> <span class='ocrx_word' id='word_1_113' title='bbox 563 1597 678 1654; x_wconf 84' lang='lat' dir='ltr'><strong>naturali</strong></span> <span class='ocrx_word' id='word_1_114' title='bbox 701 1615 794 1654; x_wconf 91' lang='lat' dir='ltr'><strong>omnes</strong></span> <span class='ocrx_word' id='word_1_115' title='bbox 815 1597 892 1655; x_wconf 90' lang='lat' dir='ltr'><strong>liberi</strong></span> <span class='ocrx_word' id='word_1_116' title='bbox 912 1607 1090 1654; x_wconf 88' lang='lat' dir='ltr'><strong>nascerentur</strong></span> 
     </span>
     <span class='ocr_line' id='line_1_16' title="bbox 132 1682 1090 1757; baseline -0.002 -17"><span class='ocrx_word' id='word_1_117' title='bbox 132 1702 183 1743; x_wconf 88' lang='lat' dir='ltr'><strong>nec</strong></span> <span class='ocrx_word' id='word_1_118' title='bbox 197 1693 270 1740; x_wconf 90' lang='lat' dir='ltr'><strong>esset</strong></span> <span class='ocrx_word' id='word_1_119' title='bbox 283 1693 348 1739; x_wconf 89' lang='lat' dir='ltr'><strong>nota</strong></span> <span class='ocrx_word' id='word_1_120' title='bbox 362 1683 551 1757; x_wconf 89' lang='lat' dir='ltr'><strong>manumissio,</strong></span> <span class='ocrx_word' id='word_1_121' title='bbox 574 1698 634 1736; x_wconf 93' lang='lat' dir='ltr'><strong>cum</strong></span> <span class='ocrx_word' id='word_1_122' title='bbox 650 1682 765 1738; x_wconf 82' lang='lat' dir='ltr'><strong>servitus</strong></span> <span class='ocrx_word' id='word_1_123' title='bbox 780 1691 852 1739; x_wconf 88' lang='lat' dir='ltr'><strong>esset</strong></span> <span class='ocrx_word' id='word_1_124' title='bbox 867 1683 1019 1756; x_wconf 80' lang='lat' dir='ltr'><strong>incognita:</strong></span> <span class='ocrx_word' id='word_1_125' title='bbox 1040 1682 1090 1738; x_wconf 85' lang='lat' dir='ltr'><strong>sod</strong></span> 
     </span>
     <span class='ocr_line' id='line_1_17' title="bbox 133 1764 1090 1842; baseline -0.004 -18"><span class='ocrx_word' id='word_1_126' title='bbox 133 1775 308 1842; x_wconf 87' lang='lat' dir='ltr'><strong>posteaquam</strong></span> <span class='ocrx_word' id='word_1_127' title='bbox 323 1769 382 1821; x_wconf 89' lang='lat' dir='ltr'><strong>iure</strong></span> <span class='ocrx_word' id='word_1_128' title='bbox 397 1766 517 1838; x_wconf 81' lang='lat' dir='ltr'><strong>gentium</strong></span> <span class='ocrx_word' id='word_1_129' title='bbox 532 1767 648 1820; x_wconf 86' lang='lat' dir='ltr'><strong>servitus</strong></span> <span class='ocrx_word' id='word_1_130' title='bbox 663 1766 768 1836; x_wconf 89' lang='lat' dir='ltr'><strong>invasit,</strong></span> <span class='ocrx_word' id='word_1_131' title='bbox 792 1773 915 1823; x_wconf 90' lang='lat' dir='ltr'><strong>secutum</strong></span> <span class='ocrx_word' id='word_1_132' title='bbox 930 1775 973 1822; x_wconf 85' lang='lat' dir='ltr'><strong>est</strong></span> <span class='ocrx_word' id='word_1_133' title='bbox 987 1764 1090 1836; x_wconf 89' lang='lat' dir='ltr'><strong>beneii·</strong></span> 
     </span>
     <span class='ocr_line' id='line_1_18' title="bbox 134 1849 1089 1910; baseline -0.003 -1"><span class='ocrx_word' id='word_1_134' title='bbox 134 1854 203 1910; x_wconf 86' lang='lat' dir='ltr'><strong>cium</strong></span> <span class='ocrx_word' id='word_1_135' title='bbox 226 1849 451 1906; x_wconf 82' lang='lat' dir='ltr'><strong>manumissionis.</strong></span> <span class='ocrx_word' id='word_1_136' title='bbox 490 1856 519 1904; x_wconf 92' lang='lat' dir='ltr'><strong>et</strong></span> <span class='ocrx_word' id='word_1_137' title='bbox 540 1865 601 1904; x_wconf 93' lang='lat' dir='ltr'><strong>cum</strong></span> <span class='ocrx_word' id='word_1_138' title='bbox 622 1865 676 1904; x_wconf 91' lang='lat' dir='ltr'><strong>uno</strong></span> <span class='ocrx_word' id='word_1_139' title='bbox 699 1850 813 1906; x_wconf 86' lang='lat' dir='ltr'><strong>naturali</strong></span> <span class='ocrx_word' id='word_1_140' title='bbox 834 1851 942 1906; x_wconf 91' lang='lat' dir='ltr'><strong>nomine</strong></span> <span class='ocrx_word' id='word_1_141' title='bbox 964 1850 1089 1906; x_wconf 89' lang='lat' dir='ltr'><strong>homines</strong></span> 
     </span>
     <span class='ocr_line' id='line_1_19' title="bbox 134 1934 1089 2009; baseline -0.003 -17"><span class='ocrx_word' id='word_1_142' title='bbox 134 1935 345 2009; x_wconf 86' lang='lat' dir='ltr'><strong>appellaremur,</strong></span> <span class='ocrx_word' id='word_1_143' title='bbox 366 1934 425 1989; x_wconf 88' lang='lat' dir='ltr'><strong>inre</strong></span> <span class='ocrx_word' id='word_1_144' title='bbox 445 1934 567 2006; x_wconf 84' lang='lat' dir='ltr'><strong>gentium</strong></span> <span class='ocrx_word' id='word_1_145' title='bbox 581 1934 634 1988; x_wconf 86' lang='lat' dir='ltr'><strong>tria</strong></span> <span class='ocrx_word' id='word_1_146' title='bbox 648 1948 746 2006; x_wconf 79' lang='lat' dir='ltr'><strong>genera</strong></span> <span class='ocrx_word' id='word_1_147' title='bbox 760 1934 899 1990; x_wconf 89' lang='lat' dir='ltr'><strong>hominum</strong></span> <span class='ocrx_word' id='word_1_148' title='bbox 914 1950 975 1990; x_wconf 89' lang='lat' dir='ltr'><strong>esse</strong></span> <span class='ocrx_word' id='word_1_149' title='bbox 990 1949 1089 2006; x_wconf 90' lang='lat' dir='ltr'><strong>coepe·</strong></span> 
     </span>
     <span class='ocr_line' id='line_1_20' title="bbox 134 2015 1089 2090; baseline -0.003 -15"><span class='ocrx_word' id='word_1_150' title='bbox 134 2028 208 2086; x_wconf 85' lang='lat' dir='ltr'><strong>runt,</strong></span> <span class='ocrx_word' id='word_1_151' title='bbox 231 2015 305 2074; x_wconf 91' lang='lat' dir='ltr'><strong>liberi</strong></span> <span class='ocrx_word' id='word_1_152' title='bbox 321 2028 348 2074; x_wconf 91' lang='lat' dir='ltr'><strong>et</strong></span> <span class='ocrx_word' id='word_1_153' title='bbox 363 2018 405 2073; x_wconf 90' lang='lat' dir='ltr'><strong>his</strong></span> <span class='ocrx_word' id='word_1_154' title='bbox 419 2019 582 2073; x_wconf 89' lang='lat' dir='ltr'><strong>contrarium</strong></span> <span class='ocrx_word' id='word_1_155' title='bbox 600 2018 670 2072; x_wconf 87' lang='lat' dir='ltr'><strong>servi</strong></span> <span class='ocrx_word' id='word_1_156' title='bbox 685 2026 713 2072; x_wconf 88' lang='lat' dir='ltr'><strong>et</strong></span> <span class='ocrx_word' id='word_1_157' title='bbox 728 2017 837 2074; x_wconf 87' lang='lat' dir='ltr'><strong>tertium</strong></span> <span class='ocrx_word' id='word_1_158' title='bbox 854 2033 940 2090; x_wconf 80' lang='lat' dir='ltr'><strong>genus</strong></span> <span class='ocrx_word' id='word_1_159' title='bbox 958 2015 1089 2090; x_wconf 91' lang='lat' dir='ltr'><strong>libertini,</strong></span> 
     </span>
    </p>

    <p class='ocr_par' dir='ltr' id='par_1_5' title="bbox 102 2100 1094 2509">
     <span class='ocr_line' id='line_1_21' title="bbox 102 2100 1089 2177; baseline 0.003 -23"><span class='ocrx_word' id='word_1_160' title='bbox 102 2106 115 2154; x_wconf 93' lang='lat'>1</span> <span class='ocrx_word' id='word_1_161' title='bbox 134 2106 179 2177; x_wconf 91' lang='lat' dir='ltr'><strong>qni</strong></span> <span class='ocrx_word' id='word_1_162' title='bbox 194 2103 328 2159; x_wconf 89' lang='lat' dir='ltr'><strong>desierant</strong></span> <span class='ocrx_word' id='word_1_163' title='bbox 342 2118 401 2158; x_wconf 90' lang='lat' dir='ltr'><strong>esse</strong></span> <span class='ocrx_word' id='word_1_164' title='bbox 416 2103 496 2157; x_wconf 89' lang='lat' dir='ltr'><strong>servi.</strong></span> <span class='ocrx_word' id='word_1_165' title='bbox 529 2100 618 2156; x_wconf 89' lang='lat' dir='ltr'><strong>llultis</strong></span> <span class='ocrx_word' id='word_1_166' title='bbox 634 2109 723 2157; x_wconf 86' lang='lat' dir='ltr'><strong>autem</strong></span> <span class='ocrx_word' id='word_1_167' title='bbox 738 2100 824 2157; x_wconf 91' lang='lat' dir='ltr'><strong>modis</strong></span> <span class='ocrx_word' id='word_1_168' title='bbox 839 2102 1010 2157; x_wconf 87' lang='lat' dir='ltr'><strong>manumissio</strong></span> <span class='ocrx_word' id='word_1_169' title='bbox 1024 2118 1089 2174; x_wconf 88' lang='lat' dir='ltr'><strong>pro-</strong></span> 
     </span>
     <span class='ocr_line' id='line_1_22' title="bbox 135 2184 1087 2250; baseline -0.003 -7"><span class='ocrx_word' id='word_1_170' title='bbox 135 2187 220 2250; x_wconf 89' lang='lat' dir='ltr'><strong>cedit;</strong></span> <span class='ocrx_word' id='word_1_171' title='bbox 235 2196 281 2241; x_wconf 92' lang='lat' dir='ltr'><strong>aut</strong></span> <span class='ocrx_word' id='word_1_172' title='bbox 296 2188 366 2242; x_wconf 88' lang='lat' dir='ltr'><strong>enim</strong></span> <span class='ocrx_word' id='word_1_173' title='bbox 381 2202 414 2241; x_wconf 82' lang='lat' dir='ltr'><strong>er</strong></span> <span class='ocrx_word' id='word_1_174' title='bbox 429 2187 510 2242; x_wconf 89' lang='lat' dir='ltr'><strong>sacris</strong></span> <span class='ocrx_word' id='word_1_175' title='bbox 522 2184 761 2241; x_wconf 84' lang='lat' dir='ltr'><strong>constitutionibus</strong></span> <span class='ocrx_word' id='word_1_176' title='bbox 772 2186 800 2240; x_wconf 91' lang='lat' dir='ltr'><strong>in</strong></span> <span class='ocrx_word' id='word_1_177' title='bbox 811 2186 987 2241; x_wconf 86' lang='lat' dir='ltr'><strong>sacrosanctis</strong></span> <span class='ocrx_word' id='word_1_178' title='bbox 1002 2185 1087 2241; x_wconf 87' lang='lat' dir='ltr'><strong>eccle-</strong></span> 
     </span>
     <span class='ocr_line' id='line_1_23' title="bbox 134 2268 1090 2342; baseline 0 -18"><span class='ocrx_word' id='word_1_179' title='bbox 134 2273 180 2325; x_wconf 92' lang='lat' dir='ltr'><strong>siis</strong></span> <span class='ocrx_word' id='word_1_180' title='bbox 204 2279 250 2324; x_wconf 89' lang='lat' dir='ltr'><strong>ant</strong></span> <span class='ocrx_word' id='word_1_181' title='bbox 270 2270 384 2326; x_wconf 88' lang='lat' dir='ltr'><strong>vindicta</strong></span> <span class='ocrx_word' id='word_1_182' title='bbox 402 2278 449 2324; x_wconf 88' lang='lat' dir='ltr'><strong>aut</strong></span> <span class='ocrx_word' id='word_1_183' title='bbox 469 2271 540 2325; x_wconf 89' lang='lat' dir='ltr'><strong>inter</strong></span> <span class='ocrx_word' id='word_1_184' title='bbox 562 2270 661 2324; x_wconf 87' lang='lat' dir='ltr'><strong>amicos</strong></span> <span class='ocrx_word' id='word_1_185' title='bbox 683 2277 728 2323; x_wconf 89' lang='lat' dir='ltr'><strong>aut</strong></span> <span class='ocrx_word' id='word_1_186' title='bbox 751 2285 801 2342; x_wconf 90' lang='lat' dir='ltr'><strong>per</strong></span> <span class='ocrx_word' id='word_1_187' title='bbox 821 2268 963 2341; x_wconf 89' lang='lat' dir='ltr'><strong>epistulam</strong></span> <span class='ocrx_word' id='word_1_188' title='bbox 979 2277 1025 2325; x_wconf 89' lang='lat' dir='ltr'><strong>ant</strong></span> <span class='ocrx_word' id='word_1_189' title='bbox 1039 2285 1090 2342; x_wconf 86' lang='lat' dir='ltr'><strong>per</strong></span> 
     </span>
     <span class='ocr_line' id='line_1_24' title="bbox 136 2350 1094 2425; baseline 0 -17"><span class='ocrx_word' id='word_1_190' title='bbox 136 2361 323 2408; x_wconf 88' lang='lat' dir='ltr'><strong>testamentum</strong></span> <span class='ocrx_word' id='word_1_191' title='bbox 339 2360 385 2407; x_wconf 92' lang='lat' dir='ltr'><strong>aut</strong></span> <span class='ocrx_word' id='word_1_192' title='bbox 399 2352 475 2407; x_wconf 87' lang='lat' dir='ltr'><strong>aliam</strong></span> <span class='ocrx_word' id='word_1_193' title='bbox 491 2350 636 2425; x_wconf 89' lang='lat' dir='ltr'><strong>quamlibet</strong></span> <span class='ocrx_word' id='word_1_194' title='bbox 651 2351 770 2407; x_wconf 87' lang='lat' dir='ltr'><strong>nltimam</strong></span> <span class='ocrx_word' id='word_1_195' title='bbox 792 2352 968 2410; x_wconf 86' lang='lat' dir='ltr'><strong>voluntatem.</strong></span> <span class='ocrx_word' id='word_1_196' title='bbox 998 2352 1044 2408; x_wconf 84' lang='lat' dir='ltr'><strong>sed</strong></span> <span class='ocrx_word' id='word_1_197' title='bbox 1061 2363 1094 2408; x_wconf 89' lang='lat' dir='ltr'><strong>et·</strong></span> 
     </span>
     <span class='ocr_line' id='line_1_25' title="bbox 136 2434 1089 2509; baseline 0 -18"><span class='ocrx_word' id='word_1_198' title='bbox 136 2435 195 2492; x_wconf 91' lang='lat' dir='ltr'><strong>aliis</strong></span> <span class='ocrx_word' id='word_1_199' title='bbox 210 2435 301 2490; x_wconf 91' lang='lat' dir='ltr'><strong>multis</strong></span> <span class='ocrx_word' id='word_1_200' title='bbox 321 2434 407 2490; x_wconf 90' lang='lat' dir='ltr'><strong>modis</strong></span> <span class='ocrx_word' id='word_1_201' title='bbox 422 2434 530 2491; x_wconf 89' lang='lat' dir='ltr'><strong>libertas</strong></span> <span class='ocrx_word' id='word_1_202' title='bbox 545 2451 623 2489; x_wconf 83' lang='lat' dir='ltr'><strong>servo</strong></span> <span class='ocrx_word' id='word_1_203' title='bbox 639 2444 791 2507; x_wconf 87' lang='lat' dir='ltr'><strong>competere</strong></span> <span class='ocrx_word' id='word_1_204' title='bbox 805 2443 906 2508; x_wconf 86' lang='lat' dir='ltr'><strong>potest,</strong></span> <span class='ocrx_word' id='word_1_205' title='bbox 927 2438 972 2509; x_wconf 93' lang='lat' dir='ltr'><strong>qni</strong></span> <span class='ocrx_word' id='word_1_206' title='bbox 989 2446 1041 2493; x_wconf 89' lang='lat' dir='ltr'><strong>tarn</strong></span> <span class='ocrx_word' id='word_1_207' title='bbox 1056 2453 1089 2492; x_wconf 85' lang='lat' dir='ltr'><strong>cx</strong></span> 
     </span>
    </p>

    <p class='ocr_par' dir='ltr' id='par_1_6' title="bbox 103 2514 1089 2844">
     <span class='ocr_line' id='line_1_26' title="bbox 103 2514 1088 2591; baseline 0.003 -19"><span class='ocrx_word' id='word_1_208' title='bbox 103 2524 118 2572; x_wconf 80' lang='lat'>2</span> <span class='ocrx_word' id='word_1_209' title='bbox 137 2517 272 2574; x_wconf 86' lang='lat' dir='ltr'><strong>veteribus</strong></span> <span class='ocrx_word' id='word_1_210' title='bbox 282 2525 361 2591; x_wconf 85' lang='lat' dir='ltr'><strong>quam</strong></span> <span class='ocrx_word' id='word_1_211' title='bbox 372 2520 472 2573; x_wconf 88' lang='lat' dir='ltr'><strong>nostris</strong></span> <span class='ocrx_word' id='word_1_212' title='bbox 484 2516 723 2574; x_wconf 89' lang='lat' dir='ltr'><strong>constitutionibus</strong></span> <span class='ocrx_word' id='word_1_213' title='bbox 734 2518 879 2574; x_wconf 86' lang='lat' dir='ltr'><strong>introducti</strong></span> <span class='ocrx_word' id='word_1_214' title='bbox 887 2528 961 2577; x_wconf 89' lang='lat' dir='ltr'><strong>sunt.</strong></span> <span class='ocrx_word' id='word_1_215' title='bbox 995 2514 1088 2575; x_wconf 83' lang='lat' dir='ltr'><strong>³Servi</strong></span> 
     </span>
     <span class='ocr_line' id='line_1_27' title="bbox 134 2601 1088 2675; baseline 0.003 -19"><span class='ocrx_word' id='word_1_216' title='bbox 134 2619 199 2658; x_wconf 88' lang='lat' dir='ltr'><strong>vero</strong></span> <span class='ocrx_word' id='word_1_217' title='bbox 214 2618 229 2656; x_wconf 90' lang='lat' dir='ltr'><strong>a</strong></span> <span class='ocrx_word' id='word_1_218' title='bbox 244 2602 358 2657; x_wconf 88' lang='lat' dir='ltr'><strong>dominis</strong></span> <span class='ocrx_word' id='word_1_219' title='bbox 373 2617 480 2675; x_wconf 87' lang='lat' dir='ltr'><strong>sempor</strong></span> <span class='ocrx_word' id='word_1_220' title='bbox 493 2603 644 2657; x_wconf 89' lang='lat' dir='ltr'><strong>manumitti</strong></span> <span class='ocrx_word' id='word_1_221' title='bbox 659 2601 759 2672; x_wconf 85' lang='lat' dir='ltr'><strong>solent,</strong></span> <span class='ocrx_word' id='word_1_222' title='bbox 773 2601 840 2658; x_wconf 90' lang='lat' dir='ltr'><strong>adeo</strong></span> <span class='ocrx_word' id='word_1_223' title='bbox 855 2611 886 2658; x_wconf 92' lang='lat' dir='ltr'><strong>nt</strong></span> <span class='ocrx_word' id='word_1_224' title='bbox 901 2603 943 2659; x_wconf 89' lang='lat' dir='ltr'><strong>vel</strong></span> <span class='ocrx_word' id='word_1_225' title='bbox 958 2605 986 2658; x_wconf 92' lang='lat' dir='ltr'><strong>in</strong></span> <span class='ocrx_word' id='word_1_226' title='bbox 1002 2612 1088 2659; x_wconf 90' lang='lat' dir='ltr'><strong>trans·</strong></span> 
     </span>
     <span class='ocr_line' id='line_1_28' title="bbox 134 2684 1089 2760; baseline -0.002 -17"><span class='ocrx_word' id='word_1_227' title='bbox 134 2689 175 2743; x_wconf 89' lang='lat' dir='ltr'><strong>itu</strong></span> <span class='ocrx_word' id='word_1_228' title='bbox 198 2687 437 2755; x_wconf 87' lang='lat' dir='ltr'><strong>manumittantur,</strong></span> <span class='ocrx_word' id='word_1_229' title='bbox 464 2684 547 2740; x_wconf 83' lang='lat' dir='ltr'><strong>veluti</strong></span> <span class='ocrx_word' id='word_1_230' title='bbox 577 2701 637 2740; x_wconf 91' lang='lat' dir='ltr'><strong>cum</strong></span> <span class='ocrx_word' id='word_1_231' title='bbox 664 2694 774 2758; x_wconf 85' lang='lat' dir='ltr'><strong>praetor</strong></span> <span class='ocrx_word' id='word_1_232' title='bbox 801 2693 848 2742; x_wconf 89' lang='lat' dir='ltr'><strong>aut</strong></span> <span class='ocrx_word' id='word_1_233' title='bbox 873 2686 1020 2760; x_wconf 86' lang='lat' dir='ltr'><strong>proconsul</strong></span> <span class='ocrx_word' id='word_1_234' title='bbox 1042 2695 1089 2742; x_wconf 90' lang='lat' dir='ltr'><strong>aut</strong></span> 
     </span>
     <span class='ocr_line' id='line_1_29' title="bbox 135 2768 737 2844; baseline -0.003 -18"><span class='ocrx_word' id='word_1_235' title='bbox 135 2787 242 2844; x_wconf 87' lang='lat' dir='ltr'><strong>praeses</strong></span> <span class='ocrx_word' id='word_1_236' title='bbox 257 2771 284 2824; x_wconf 92' lang='lat' dir='ltr'><strong>in</strong></span> <span class='ocrx_word' id='word_1_237' title='bbox 299 2768 422 2826; x_wconf 91' lang='lat' dir='ltr'><strong>balneum</strong></span> <span class='ocrx_word' id='word_1_238' title='bbox 438 2768 479 2823; x_wconf 84' lang='lat' dir='ltr'><strong>vel</strong></span> <span class='ocrx_word' id='word_1_239' title='bbox 494 2770 521 2825; x_wconf 92' lang='lat' dir='ltr'><strong>in</strong></span> <span class='ocrx_word' id='word_1_240' title='bbox 537 2768 669 2824; x_wconf 86' lang='lat' dir='ltr'><strong>theatrum</strong></span> <span class='ocrx_word' id='word_1_241' title='bbox 686 2777 737 2824; x_wconf 87' lang='lat' dir='ltr'><strong>eat.</strong></span> 
     </span>
    </p>
   </div>
   <div class='ocr_carea' id='block_1_5' title="bbox 101 2847 1089 3178">
    <p class='ocr_par' dir='ltr' id='par_1_7' title="bbox 101 2847 1089 3178">
     <span class='ocr_line' id='line_1_30' title="bbox 101 2847 1088 2925; baseline -0.001 -16"><span class='ocrx_word' id='word_1_242' title='bbox 101 2853 117 2901; x_wconf 88' lang='grc'><strong>3</strong></span> <span class='ocrx_word' id='word_1_243' title='bbox 198 2847 419 2910; x_wconf 79' lang='lat' dir='ltr'><strong>⁴Libertinorum</strong></span> <span class='ocrx_word' id='word_1_244' title='bbox 435 2860 523 2909; x_wconf 84' lang='lat' dir='ltr'><strong>autem</strong></span> <span class='ocrx_word' id='word_1_245' title='bbox 539 2860 625 2908; x_wconf 89' lang='lat' dir='ltr'><strong>status</strong></span> <span class='ocrx_word' id='word_1_246' title='bbox 641 2852 793 2925; x_wconf 90' lang='lat' dir='ltr'><strong>tripertitus</strong></span> <span class='ocrx_word' id='word_1_247' title='bbox 813 2861 890 2910; x_wconf 88' lang='lat' dir='ltr'><strong>antea</strong></span> <span class='ocrx_word' id='word_1_248' title='bbox 910 2853 1012 2909; x_wconf 75' lang='lat' dir='ltr'><strong>iueratt</strong></span> <span class='ocrx_word' id='word_1_249' title='bbox 1027 2868 1088 2908; x_wconf 93' lang='lat' dir='ltr'><strong>nam</strong></span> 
     </span>
     <span class='ocr_line' id='line_1_31' title="bbox 135 2935 1088 3011; baseline 0 -20"><span class='ocrx_word' id='word_1_250' title='bbox 135 2939 181 3011; x_wconf 94' lang='lat' dir='ltr'><strong>qui</strong></span> <span class='ocrx_word' id='word_1_251' title='bbox 208 2937 476 3009; x_wconf 90' lang='lat' dir='ltr'><strong>manumittebantur,</strong></span> <span class='ocrx_word' id='word_1_252' title='bbox 504 2936 584 2992; x_wconf 90' lang='lat' dir='ltr'><strong>modo</strong></span> <span class='ocrx_word' id='word_1_253' title='bbox 613 2937 740 2992; x_wconf 89' lang='lat' dir='ltr'><strong>maiorem</strong></span> <span class='ocrx_word' id='word_1_254' title='bbox 767 2944 794 2993; x_wconf 89' lang='lat' dir='ltr'><strong>et</strong></span> <span class='ocrx_word' id='word_1_255' title='bbox 820 2939 916 2993; x_wconf 87' lang='lat' dir='ltr'><strong>iustam</strong></span> <span class='ocrx_word' id='word_1_256' title='bbox 940 2935 1088 2992; x_wconf 89' lang='lat' dir='ltr'><strong>libertatem</strong></span> 
     </span>
     <span class='ocr_line' id='line_1_32' title="bbox 135 3019 1089 3093; baseline -0.003 -16"><span class='ocrx_word' id='word_1_257' title='bbox 135 3021 370 3093; x_wconf 87' lang='lat' dir='ltr'><strong>consequebantur</strong></span> <span class='ocrx_word' id='word_1_258' title='bbox 390 3030 418 3078; x_wconf 90' lang='lat' dir='ltr'><strong>et</strong></span> <span class='ocrx_word' id='word_1_259' title='bbox 440 3019 539 3076; x_wconf 77' lang='lat' dir='ltr'><strong>fiebant</strong></span> <span class='ocrx_word' id='word_1_260' title='bbox 559 3021 630 3075; x_wconf 86' lang='lat' dir='ltr'><strong>cives</strong></span> <span class='ocrx_word' id='word_1_261' title='bbox 652 3019 778 3093; x_wconf 85' lang='lat' dir='ltr'><strong>Romani,</strong></span> <span class='ocrx_word' id='word_1_262' title='bbox 806 3021 886 3078; x_wconf 89' lang='lat' dir='ltr'><strong>modo</strong></span> <span class='ocrx_word' id='word_1_263' title='bbox 909 3021 1039 3076; x_wconf 90' lang='lat' dir='ltr'><strong>minorem</strong></span> <span class='ocrx_word' id='word_1_264' title='bbox 1061 3028 1089 3075; x_wconf 84' lang='lat' dir='ltr'><strong>et</strong></span> 
     </span>
     <span class='ocr_line' id='line_1_33' title="bbox 134 3101 1089 3178; baseline -0.001 -19"><span class='ocrx_word' id='word_1_265' title='bbox 134 3103 221 3161; x_wconf 91' lang='lat' dir='ltr'><strong>Latini</strong></span> <span class='ocrx_word' id='word_1_266' title='bbox 249 3121 282 3160; x_wconf 80' lang='lat' dir='ltr'><strong>er</strong></span> <span class='ocrx_word' id='word_1_267' title='bbox 309 3105 370 3178; x_wconf 79' lang='lat' dir='ltr'><strong>lege</strong></span> <span class='ocrx_word' id='word_1_268' title='bbox 392 3104 464 3160; x_wconf 88' lang='lat' dir='ltr'><strong>lunia</strong></span> <span class='ocrx_word' id='word_1_269' title='bbox 487 3101 609 3159; x_wconf 87' lang='lat' dir='ltr'><strong>Norbana</strong></span> <span class='ocrx_word' id='word_1_270' title='bbox 637 3101 752 3178; x_wconf 82' lang='lat' dir='ltr'><strong>fiebant,</strong></span> <span class='ocrx_word' id='word_1_271' title='bbox 781 3105 862 3162; x_wconf 89' lang='lat' dir='ltr'><strong>modo</strong></span> <span class='ocrx_word' id='word_1_272' title='bbox 885 3103 1038 3160; x_wconf 89' lang='lat' dir='ltr'><strong>inieriorem</strong></span> <span class='ocrx_word' id='word_1_273' title='bbox 1061 3111 1089 3158; x_wconf 90' lang='lat' dir='ltr'><strong>et</strong></span> 
     </span>
    </p>
   </div>
   <div class='ocr_carea' id='block_1_6' title="bbox 106 3313 1089 3519">
    <p class='ocr_par' dir='ltr' id='par_1_8' title="bbox 106 3313 1089 3519">
     <span class='ocr_line' id='line_1_34' title="bbox 146 3313 1089 3384; baseline -0.005 -15"><span class='ocrx_word' id='word_1_274' title='bbox 146 3363 148 3369; x_wconf 93' lang='lat'><em>.</em></span> <span class='ocrx_word' id='word_1_275' title='bbox 203 3319 223 3384; x_wconf 78' lang='grc'><strong>1)</strong></span> <span class='ocrx_word' id='word_1_276' title='bbox 241 3321 296 3370; x_wconf 79' lang='lat' dir='ltr'><strong>tnta.</strong></span> <span class='ocrx_word' id='word_1_277' title='bbox 308 3341 341 3361; x_wconf 88' lang='lat'><em>=</em></span> <span class='ocrx_word' id='word_1_278' title='bbox 355 3320 409 3370; x_wconf 83' lang='lat' dir='ltr'><strong>Gai.</strong></span> <span class='ocrx_word' id='word_1_279' title='bbox 423 3322 445 3381; x_wconf 90' lang='grc'><strong>1,</strong></span> <span class='ocrx_word' id='word_1_280' title='bbox 460 3319 499 3369; x_wconf 84' lang='lat'><strong>11.</strong></span> <span class='ocrx_word' id='word_1_281' title='bbox 517 3321 550 3371; x_wconf 89' lang='lat' dir='ltr'><strong>L.</strong></span> <span class='ocrx_word' id='word_1_282' title='bbox 563 3319 586 3368; x_wconf 86' lang='grc'><strong>6.</strong></span> <span class='ocrx_word' id='word_1_283' title='bbox 606 3320 637 3369; x_wconf 87' lang='lat' dir='ltr'><strong>D.</strong></span> <span class='ocrx_word' id='word_1_284' title='bbox 650 3321 682 3370; x_wconf 83' lang='lat' dir='ltr'><strong>de</strong></span> <span class='ocrx_word' id='word_1_285' title='bbox 693 3325 763 3382; x_wconf 76' lang='lat' dir='ltr'><strong>statu</strong></span> <span class='ocrx_word' id='word_1_286' title='bbox 774 3319 836 3368; x_wconf 82' lang='lat' dir='ltr'><strong>bom.</strong></span> <span class='ocrx_word' id='word_1_287' title='bbox 851 3317 887 3380; x_wconf 84' lang='lat'><strong>(1,</strong></span> <span class='ocrx_word' id='word_1_288' title='bbox 899 3315 937 3384; x_wconf 84' lang='lat'><strong>5).</strong></span> <span class='ocrx_word' id='word_1_289' title='bbox 1001 3313 1021 3379; x_wconf 69' lang='grc'><strong>2)</strong></span> <span class='ocrx_word' id='word_1_290' title='bbox 1032 3317 1089 3377; x_wconf 79' lang='lat' dir='ltr'><strong>sere</strong></span> 
     </span>
     <span class='ocr_line' id='line_1_35' title="bbox 134 3381 1088 3452; baseline -0.006 -15"><span class='ocrx_word' id='word_1_291' title='bbox 134 3409 167 3430; x_wconf 60' lang='grc' dir='ltr'>ε</span> <span class='ocrx_word' id='word_1_292' title='bbox 180 3389 212 3441; x_wconf 86' lang='lat' dir='ltr'><strong>L.</strong></span> <span class='ocrx_word' id='word_1_293' title='bbox 227 3389 251 3442; x_wconf 81' lang='lat'><strong>4.</strong></span> <span class='ocrx_word' id='word_1_294' title='bbox 269 3389 302 3436; x_wconf 87' lang='lat' dir='ltr'><strong>D.</strong></span> <span class='ocrx_word' id='word_1_295' title='bbox 320 3390 351 3438; x_wconf 83' lang='lat' dir='ltr'><strong>de</strong></span> <span class='ocrx_word' id='word_1_296' title='bbox 368 3389 447 3437; x_wconf 79' lang='lat' dir='ltr'><strong>instit.</strong></span> <span class='ocrx_word' id='word_1_297' title='bbox 465 3386 501 3451; x_wconf 78' lang='lat'><strong>(1,</strong></span> <span class='ocrx_word' id='word_1_298' title='bbox 522 3386 546 3452; x_wconf 90' lang='lat' dir='ltr'><strong>l)</strong></span> <span class='ocrx_word' id='word_1_299' title='bbox 565 3402 600 3437; x_wconf 75' lang='lat' dir='ltr'><strong>erc</strong></span> <span class='ocrx_word' id='word_1_300' title='bbox 620 3387 678 3451; x_wconf 82' lang='lat' dir='ltr'><strong>Ulp.</strong></span> <span class='ocrx_word' id='word_1_301' title='bbox 697 3389 714 3437; x_wconf 88' lang='lat' dir='ltr'><strong>l.</strong></span> <span class='ocrx_word' id='word_1_302' title='bbox 735 3389 748 3435; x_wconf 91' lang='lat'>1</span> <span class='ocrx_word' id='word_1_303' title='bbox 767 3387 845 3439; x_wconf 84' lang='lat' dir='ltr'><strong>instit.</strong></span> <span class='ocrx_word' id='word_1_304' title='bbox 930 3381 951 3449; x_wconf 79' lang='lat'><strong>⁸)</strong></span> <span class='ocrx_word' id='word_1_305' title='bbox 970 3383 1015 3432; x_wconf 79' lang='lat' dir='ltr'><strong>Ex</strong></span> <span class='ocrx_word' id='word_1_306' title='bbox 1034 3383 1088 3433; x_wconf 78' lang='lat' dir='ltr'><strong>Gai.</strong></span> 
     </span>
     <span class='ocr_line' id='line_1_36' title="bbox 106 3453 542 3519; baseline -0.009 -13"><span class='ocrx_word' id='word_1_307' title='bbox 106 3515 108 3518; x_wconf 22' lang='lat'>¹</span> <span class='ocrx_word' id='word_1_308' title='bbox 136 3456 217 3519; x_wconf 83' lang='lat' dir='ltr'><strong>1,2o.</strong></span> <span class='ocrx_word' id='word_1_309' title='bbox 285 3453 306 3518; x_wconf 83' lang='lat'><strong>⁴)</strong></span> <span class='ocrx_word' id='word_1_310' title='bbox 327 3455 365 3518; x_wconf 74' lang='lat' dir='ltr'><strong>Of.</strong></span> <span class='ocrx_word' id='word_1_311' title='bbox 386 3455 542 3517; x_wconf 76' lang='lat' dir='ltr'><strong>Gai.1‚12.</strong></span> 
     </span>
    </p>
   </div>
   <div class='ocr_carea' id='block_1_7' title="bbox 0 0 1245 3896">
    <p class='ocr_par' dir='ltr' id='par_1_9' title="bbox 0 0 1245 3896">
     <span class='ocr_line' id='line_1_37' title="bbox 0 0 1245 3896; baseline 0 0"><span class='ocrx_word' id='word_1_312' title='bbox 0 0 1245 3896; x_wconf 95' lang='lat' dir='ltr'><strong> </strong></span> 
     </span>
    </p>
   </div>
  </div>
 </body>
</html>
