2500 3890
285 135 320 170 nn
338 133 500 170 reseramus
518 133 761 170 ermonamoumus
778 121 828 182 ΙΙΙ,
846 122 878 170 19
896 119 959 184 (20).
1041 118 1100 182 133

146 291 216 346 quae
231 275 259 330 in
272 290 363 330 rerum
378 282 470 330 natura
485 290 540 330 non
554 281 656 330 estant
671 291 730 330 esse
745 290 800 329 uon
814 281 920 349 potest,
943 276 999 331 dari
1014 277 1101 349 stipu-

146 359 217 414 latus
240 358 336 430 inerit,
357 357 441 413 veluti
456 357 592 427 Stichum,
615 359 661 430 qui
681 367 803 414 mortuns
829 360 882 431 sit,
912 375 990 431 quem
1012 360 1101 415 rivere

149 440 288 513 credebat,
311 451 357 497 aut
378 442 634 515 hippocentaurum,
657 443 702 514 qui
723 458 782 498 esse
801 458 857 498 non
875 444 977 516 possit,
999 443 1100 499 inutilis
1202 497 1204 506 ,

149 527 199 583 erit
212 525 363 598 stipulatio.
398 525 471 582 ldem
486 525 551 581 iuris
572 534 629 594 est,
650 525 673 580 si
687 541 743 581 rem
758 542 859 582 sacram
875 535 921 582 aut
935 527 1100 600 religiosam,
1118 524 1133 572 2

149 627 226 684 quam
242 610 350 665 humani
365 609 433 665 iuris
448 625 508 664 esse
522 609 662 678 credebat,
684 608 727 664 vel
746 609 895 682 publicam,
920 627 987 682 quae
1009 609 1101 666 usibus

148 693 240 769 populi
256 700 389 767 perpetuo
405 693 527 766 exposita
542 693 589 762 sit,
608 701 638 748 ut
653 693 742 748 iorum
757 693 799 748 vel
814 694 964 763 theatrum,
979 694 1021 749 vel
1036 693 1101 749 libe·

149 795 207 834 rum
223 777 375 848 bominem,
397 792 475 850 quem
495 792 601 832 servum
624 792 682 832 esse
702 775 841 845 credebat,
861 777 903 832 vel
918 770 1003 847 rem,¹
1026 779 1102 833 cuius

149 862 339 918 commercium
362 877 416 916 non
435 859 546 930 babuit,
568 860 610 916 vel
629 877 686 916 rem
707 875 781 916 suam
801 859 857 915 dari
872 862 931 933 quis
946 861 1101 934 stipuletur.

149 963 198 1002 nec
211 947 241 1000 in
255 944 385 1018 pendenti
401 945 452 1000 crit
473 943 612 1017 stipulatio
628 944 662 1000 ob
677 943 720 1013 id,
742 943 814 1016 quod
829 943 933 1017 publica
947 960 991 999 res
1006 946 1033 1000 in
1047 947 1102 1018 pri-

149 1038 237 1086 vatum
258 1027 354 1084 deduci
373 1036 400 1083 et
420 1043 452 1082 ex
471 1025 556 1083 libero
576 1035 668 1082 servus
689 1027 746 1083 fieri
766 1035 858 1101 potest
872 1035 900 1083 et
914 1030 1103 1084 commercium

150 1114 259 1187 adipisci
274 1111 418 1184 stipulator
431 1119 524 1184 potest
543 1118 570 1167 et
589 1127 633 1166 res
654 1111 821 1185 stipulatoris
841 1127 900 1168 esse
915 1112 1038 1168 desinere
1053 1128 1102 1184 po-

152 1205 217 1254 test:
233 1195 282 1252 sed
297 1196 420 1267 protinus
431 1195 533 1250 inutilis
545 1202 597 1250 est.
627 1197 691 1251 item
707 1204 816 1266 contra,
830 1195 893 1252 licet
908 1196 984 1251 initio
1000 1195 1103 1252 utiliter

151 1298 193 1337 res
212 1282 242 1336 in
255 1278 413 1352 stipulatum
434 1277 547 1334 deducta
561 1280 612 1348 sit,
635 1280 657 1333 si
678 1288 772 1351 postea
792 1281 818 1333 in
840 1295 931 1338 earum
947 1296 998 1351 qua
1013 1296 1101 1346 causa,

152 1362 295 1436 dequibus
315 1378 396 1435 supra
416 1361 587 1433 dictumest,
605 1363 664 1417 sine
685 1363 755 1418 iacto
770 1364 941 1435 promissoris
956 1363 1103 1432 devenerit,

152 1449 317 1522 extinguitur
331 1445 478 1519 stipulatio.
515 1461 545 1501 ac
563 1460 597 1501 ue
617 1447 706 1500 statim
729 1444 761 1501 ab
782 1447 859 1501 initio
881 1445 942 1501 talis
963 1447 1102 1519 stipulatio

151 1531 247 1588 valebit
261 1544 380 1588 nncrnu
394 1545 519 1600 nrrmu,
538 1543 601 1586 cuu
616 1545 730 1588 suevus
745 1545 836 1598 amr,
850 1545 933 1586 narn
949 1530 1103 1587 secunus?

152 1625 178 1672 et
191 1615 302 1679 similia,
319 1614 381 1685 quia
401 1621 496 1668 natura
510 1613 552 1667 sui
572 1611 691 1667 dominio
712 1621 808 1669 nostro
823 1620 944 1686 exempta
959 1615 987 1668 in
1003 1612 1103 1686 obliga·

151 1703 251 1755 tionem
266 1696 361 1752 deduci
382 1695 458 1752 nullo
479 1695 559 1751 modo
577 1703 700 1769 possunt.
744 1695 772 1752 Si
794 1696 854 1768 quis
877 1696 955 1751 alium
978 1695 1102 1752 daturum
1120 1695 1136 1744 3

152 1783 314 1840 facturumve
329 1780 392 1852 qnid
407 1779 599 1854 spoponderit,
619 1796 673 1836 nou
690 1779 871 1854 obligabitur,
885 1780 969 1836 veluti
983 1783 1006 1836 si
1020 1797 1102 1855 spcu-

151 1867 227 1937 deat,
249 1866 349 1921 'litium
364 1865 483 1937 quinque
498 1880 594 1920 aureos
610 1863 743 1920 daturum.
781 1866 877 1938 quodsi
892 1864 1048 1922 effecturum
1063 1882 1103 1935 se,

151 1959 180 2006 ut
194 1950 282 2006 'litius
302 1948 395 2019 daret,
416 1948 610 2020 spoponderit,
632 1948 777 2021 obligatur.
814 1947 842 2004 Si
864 1950 923 2022 quis
946 1948 999 2018 alii,
1022 1965 1101 2020 quam
1119 1947 1135 1995 4
1229 1945 1230 1962 ¹

152 2035 227 2090 cuius
242 2033 294 2089 iuri
317 2031 455 2087 subiectus
471 2033 522 2102 sit,
542 2031 703 2105 stipuletur,
727 2031 792 2086 nihil
806 2034 871 2106 agit.
908 2031 987 2106 plane
1002 2031 1102 2087 solutio
1229 2025 1230 2054 ³

151 2120 229 2175 etiam
251 2118 279 2172 in
302 2116 419 2171 extranei
438 2131 582 2188 personam
598 2115 715 2171 conferri
736 2121 827 2187 potest
842 2107 940 2192 (veluti
954 2117 976 2169 si
993 2116 1104 2186 quisita

151 2201 297 2276 stipuletur
323 2215 394 2255 urm
420 2213 481 2257 aur
510 2213 581 2255 sn1o
603 2213 686 2255 nanu
708 2191 894 2276 scortumst),
922 2206 952 2253 ut
975 2197 1104 2272 obligatio

152 2286 257 2359 quidem
269 2283 422 2358 stipulatori
435 2281 600 2355 adquiratur,
616 2281 684 2338 solvi
702 2291 789 2337 tamen
800 2281 861 2338 Seio
873 2283 953 2338 etiam
971 2283 1054 2338 invito
1070 2299 1102 2338 eo

150 2377 222 2426 recte
237 2369 339 2441 possit,
355 2375 387 2423 ut
400 2366 523 2423 liberatio
537 2367 597 2440 ipso
612 2367 670 2421 iure
685 2368 840 2440 contingat,
855 2366 902 2422 sed
916 2365 962 2422 ille
977 2366 1103 2422 adversus

151 2452 240 2508 Seium
256 2450 352 2506 habeat
366 2451 484 2506 mandati
499 2452 639 2507 actionem.
666 2450 764 2522 quodsi
779 2451 840 2522 quis
851 2450 902 2507 sibi
914 2459 942 2507 et
957 2451 1012 2522 alii,
1027 2453 1103 2508 cuius

151 2537 202 2592 iuri
218 2535 356 2591 subiectus
371 2551 427 2590 non
441 2536 492 2606 sit,
506 2534 598 2590 decem
613 2533 670 2590 dari
686 2549 782 2590 aureos
797 2535 940 2608 stipulatus
956 2543 1012 2603 est,
1035 2536 1103 2591 vale·

150 2619 189 2676 bit
204 2619 313 2692 quidem
328 2619 479 2692 stipulatio:
501 2618 548 2673 sed
565 2626 654 2673 utrum
674 2625 762 2674 totum
779 2617 907 2689 debetur,
927 2619 1000 2692 quod
1014 2621 1042 2673 in
1057 2620 1104 2674 sti·

151 2696 334 2777 pulationem²
349 2702 493 2759 deductum
513 2709 571 2773 est,
592 2718 625 2756 an
645 2718 708 2757 vero
730 2719 791 2776 pars
807 2703 929 2772 dimidia,
952 2701 1103 2758 dubitatum

152 2794 205 2843 est:
227 2786 274 2842 sed
295 2786 397 2859 placet,
419 2803 473 2843 non
495 2785 557 2859 plus
577 2801 654 2858 quam
675 2795 779 2859 partem
801 2785 933 2840 dimidiam
949 2787 973 2841 ei
989 2785 1103 2858 adquiri.

152 2872 192 2941 ei,
214 2871 261 2944 qui
275 2879 323 2926 tuo
338 2871 389 2926 iuri
405 2870 542 2926 subiectus
558 2877 614 2940 est,
634 2871 657 2924 si
678 2868 823 2942 stipulatus
838 2871 891 2938 sis,
913 2868 959 2924 tibi
975 2868 1103 2942 adquiris,

152 2957 212 3028 quia
225 2971 277 3010 vox
292 2962 338 3009 tua
352 2961 479 3028 tanquam
494 2953 542 3009 filii
557 2953 611 3023 sit,
632 2954 711 3008 sicuti
732 2951 778 3006 lilii
798 2969 847 3008 ror
864 2960 988 3024 tanquam
1004 2960 1049 3007 tua
1063 2954 1102 3007 in·

151 3039 291 3114 tellegitur
303 3039 331 3093 in
346 3038 388 3094 lais
402 3037 500 3108 rebus,
521 3053 589 3110 quae
605 3035 653 3092 tibi
667 3035 771 3108 adquiri
786 3043 909 3108 possunt.
947 3029 1103 3092 ³Praeterca
1121 3036 1136 3084 5

218 3251 238 3318 1)
256 3269 314 3304 rem
330 3253 354 3302 T
365 3269 418 3305 rec.
436 3267 530 3314 manas,
546 3249 657 3314 Tbeopb.
676 3263 722 3299 om.
741 3251 820 3300 ceteri
836 3251 909 3302 codd.
928 3256 953 3300 et
971 3251 1028 3301 edd.
1081 3249 1102 3314 ²)

150 3324 265 3388 plerique
287 3323 362 3370 codd.
389 3320 465 3382 inser.
491 3319 601 3382 Theopb.
628 3316 807 3381 stipulatione
828 3320 904 3370 codd.
926 3324 973 3368 aet.
993 3319 1033 3368 ed.
1053 3317 1103 3369 Kr.

151 3387 174 3455 ⁸)
191 3393 246 3441 init.
262 3389 321 3453 fere
338 3407 372 3428 =
391 3388 446 3438 Gai.
465 3391 490 3453 3,
510 3389 566 3437 102.
