2500 3890
115 158 175 222 176
432 172 467 208 nn
486 173 647 210 neruosusne
665 159 712 222 IV,
731 161 755 212 6.

113 317 229 385 actloue,
247 316 290 371 cui
302 312 401 384 aliquid
412 315 638 387 compensationis
650 315 757 369 nomine
770 314 869 386 opponi
882 313 946 368 satis
957 314 1070 386 impium

114 415 175 455 esse
186 397 358 467 credidimus,
373 412 406 452 ne
425 396 475 452 sub
491 405 633 471 praetextu
645 398 869 470 compensationis
885 397 1070 470 depositarum

63 481 94 528 31
114 499 203 539 rerum
214 484 274 554 quis
290 482 429 538 exactione
441 481 624 537 defraudetur.
659 480 799 536 Praeterea
810 482 935 553 quasdam
949 482 1070 536 actiones

113 566 276 635 arbitrariae,
292 565 318 619 id
333 573 375 620 cst
390 581 422 620 11
438 564 547 620 arbitrio
562 565 657 620 iudicis
672 565 832 638 pendentes,
847 565 1023 638 appellamus,
1038 566 1068 619 in

113 649 211 721 quibus
231 650 281 704 nisi
302 648 411 704 arbitrio
434 648 527 704 iudicis
542 650 581 720 is,
604 665 733 720 cumque
757 649 861 722 agitur,
883 649 968 704 actori
990 650 1055 703 satis

113 733 203 803 iaciat,
219 732 300 788 veluti
315 748 372 787 rem
387 735 513 788 restituat
528 732 570 787 vel
581 732 705 788 exhibeat
718 732 761 787 vel
776 731 862 787 solvat
876 731 917 786 vel
933 748 964 786 11
979 730 1070 787 noxali

114 833 194 874 causa
213 831 318 870 servum
341 815 435 886 dedat,
457 815 628 872 condemnari
649 815 752 871 debeat.
798 815 844 870 sed
866 817 933 870 istae
948 817 1070 870 actiones

115 910 167 955 tam
192 901 219 955 in
245 916 300 955 rem
321 916 400 971 quam
421 901 447 954 in
469 915 611 972 personam
632 900 813 955 inveniuntur.
857 900 884 954 in
906 915 962 954 rem
985 899 1070 955 veluti

113 983 281 1054 Publiciana,
303 983 429 1039 Seruiana
452 983 484 1038 de
507 982 586 1038 rebus
609 984 712 1052 coloni,
735 983 812 1055 quasi
834 982 975 1050 Seruiana,
999 998 1070 1055 quae

113 1069 193 1124 etiam
208 1067 400 1141 hypothecaria
419 1075 543 1122 vocatur:
566 1069 593 1122 in
613 1083 753 1140 personam
775 1067 857 1121 veluti
873 1065 970 1138 quibus
986 1066 1018 1121 de
1035 1083 1070 1122 co

114 1153 218 1224 agitur,
239 1151 311 1222 quod
325 1158 372 1206 aut
387 1159 473 1206 metus
489 1166 567 1205 causa
583 1159 629 1205 aut
644 1150 707 1206 dolo
724 1150 792 1206 malo
809 1150 908 1206 lactum
924 1158 979 1220 est,
1004 1152 1070 1206 item

114 1228 186 1307 qua1
201 1234 244 1304 id,
264 1233 336 1305 quod
352 1241 427 1290 certo
448 1234 508 1290 loco
529 1235 690 1308 promissum
706 1242 763 1298 est,
784 1226 917 1306 petitur.²
946 1233 1070 1288 11111111-

113 1317 228 1374 bendum
243 1333 351 1390 quoque
367 1319 435 1374 actio
457 1335 489 1374 ex
509 1318 619 1374 arbitrio
635 1317 729 1374 iudicis
745 1317 853 1390 pendet.
896 1318 924 1372 in
939 1316 981 1372 his
997 1319 1069 1372 enirn

114 1402 264 1458 actionibus
287 1410 315 1457 et
335 1403 432 1457 ceteris
454 1401 585 1458 similibus
607 1403 772 1474 permittitur
794 1400 874 1456 iudici
896 1417 928 1456 ex
946 1400 1016 1457 bono
1040 1410 1071 1456 ct

115 1502 200 1558 aequo
216 1485 361 1541 secundum
377 1487 507 1558 cuiusque
522 1488 572 1556 rei,
588 1485 621 1539 de
635 1501 686 1557 qua
702 1493 790 1540 actum
806 1492 864 1554 est,
887 1494 1007 1540 naturam
1024 1501 1069 1540 ae-

114 1572 237 1640 stimare,
253 1569 476 1641 quemadmodum
491 1571 577 1626 actori
592 1567 717 1624 satisfieri
734 1574 867 1641 oporteat.

64 1651 97 1700 32
177 1653 275 1708 Curare
290 1662 378 1708 autem
393 1652 473 1708 debet
487 1653 583 1722 iudex,
598 1662 629 1709 ut
645 1651 813 1720 omnimodo,
836 1659 964 1724 quantum
981 1653 1070 1724 possi·

115 1734 167 1791 bile
182 1738 206 1791 ei
223 1737 274 1804 sit,
297 1745 385 1792 certae
406 1738 534 1809 pecuniae
556 1736 597 1791 vel
618 1738 656 1792 rei
671 1736 830 1791 seutentiam
845 1735 927 1806 ierat,
950 1737 1069 1791 etiamsi

115 1818 147 1874 de
161 1821 264 1874 incerta
279 1820 428 1891 quantitate
443 1819 511 1892 apud
527 1835 587 1876 eum
602 1828 690 1875 actum
705 1828 756 1876 est.

65 1903 97 1950 33
179 1895 227 1958 ³Si
249 1903 308 1976 quis
331 1919 414 1976 agens
432 1904 459 1957 iu
480 1904 630 1959 intentione
651 1919 698 1958 sua
719 1903 781 1976 plus
803 1903 958 1976 complexus
974 1902 1069 1974 luerit,

114 2003 194 2058 quam
207 1986 238 2041 ad
252 2003 311 2041 eum
327 1987 453 2060 pertinet,
470 2002 549 2043 causa
562 1986 679 2053 cadebat,
696 1987 723 2041 id
736 1994 777 2042 est
786 2001 840 2041 rem
854 1985 1001 2058 amittebat,
1017 2003 1072 2044 nec

115 2070 192 2126 facile
212 2072 239 2125 in
259 2072 395 2144 integrum
415 2087 429 2125 a
448 2080 573 2144 praetore
594 2069 803 2139 restituebatur,
826 2071 876 2124 nisi
899 2071 988 2125 minor
1009 2079 1071 2127 erat

114 2154 210 2228 viginti
225 2155 344 2227 quinque
359 2155 442 2209 annis.
471 2155 533 2210 huic
548 2155 618 2209 enirn
633 2155 703 2210 sicut
716 2156 744 2208 in
760 2151 817 2208 aliis
832 2154 918 2209 causis
933 2170 1011 2209 causa
1021 2171 1070 2210 co·

114 2241 189 2311 gnita
204 2237 429 2308 succurrebatur,
449 2240 472 2293 si
491 2239 583 2312 lapsus
602 2239 740 2294 iuventute
754 2236 860 2308 fuerat,
882 2239 918 2292 ita
933 2245 960 2292 et
975 2239 1002 2292 in
1018 2238 1071 2294 hac

115 2336 192 2376 causa
213 2323 334 2377 succurri
354 2322 464 2378 solitum
485 2331 551 2378 erat.
595 2338 659 2377 saue
680 2323 703 2376 si
722 2329 775 2376 tam
797 2337 892 2394 magna
908 2338 987 2376 causa
1002 2323 1070 2376 iusti

114 2405 214 2460 erroris
236 2405 444 2475 interveniebat,
467 2414 498 2460 ut
519 2407 597 2462 etiam
621 2404 851 2461 constantissimus
878 2405 992 2477 quisque
1013 2404 1069 2461 labi

1113 1956 1134 1990 Ι

112 2573 152 2626 uti
168 2573 189 2626 si
205 2573 265 2643 quis
281 2580 367 2626 totum
387 2571 505 2646 legatum
520 2575 643 2646 petierit,
665 2581 728 2645 post
743 2569 838 2626 deinde
853 2571 951 2645 prolati
966 2573 1069 2628 luerint

113 2655 238 2725 codicilli,
254 2655 350 2726 quibus
366 2663 412 2710 aut
422 2673 484 2729 pars
495 2655 577 2730 legati
589 2657 709 2729 adempta
725 2655 760 2709 sit
775 2664 820 2710 aut
836 2655 993 2728 quibusdum
1008 2656 1069 2710 aliis

112 2738 200 2813 legata
215 2739 276 2794 data
291 2741 355 2809 sint,
372 2757 438 2812 quae
454 2739 615 2810 efficiebant,
631 2748 660 2794 ut
674 2739 735 2812 plus
751 2740 851 2809 petisse
867 2739 1004 2794 videretur
1019 2755 1068 2812 pe-

112 2824 179 2878 titor
201 2839 277 2896 quam
302 2822 473 2894 dodrantem,
496 2823 527 2878 ad
551 2817 651 2896 quem¹
672 2823 733 2878 ideo
756 2818 818 2896 lege
842 2821 955 2878 Falcidia
977 2823 1068 2896 legata

180 3017 200 3084 1)
219 3019 256 3082 B,
276 3035 336 3069 cum
354 3020 431 3070 EW.
516 3017 537 3082 ²)
555 3021 618 3068 item
637 3020 868 3083 qun...petitur
885 3034 931 3068 om.
953 3019 1067 3083 Theopb.

112 3095 167 3135 aum
192 3089 268 3150 ipitrar
293 3093 319 3136 ia
346 3089 419 3136 codd.
445 3089 600 3150 interpolato
625 3088 700 3135 auat?
722 3089 769 3136 sed
790 3089 873 3136 aerias
898 3085 1009 3149 Theoph.
1035 3101 1070 3136 ea

111 3155 276 3216 praeteriisse
295 3156 417 3214 creditur,
435 3170 485 3204 aon
502 3169 600 3209 errore.
618 3155 666 3202 sed
682 3158 802 3214 consulto,
821 3154 888 3218 qaod
905 3151 942 3217 (at
959 3169 994 3203 em
1011 3157 1069 3203 cias

110 3223 322 3284 interpretatione
345 3216 369 3276 11,
386 3223 430 3270 33⁰
452 3219 573 3284 apparet)
597 3223 798 3285 quemadmodum
824 3221 886 3270 baec
907 3223 974 3271 actio
997 3221 1068 3270 orbi·

112 3289 193 3336 traria
212 3295 286 3348 esset,
304 3302 354 3338 noo
370 3289 549 3350 perspiciebat,
569 3302 615 3337 aec
632 3294 658 3336 ut
675 3291 702 3338 ia
720 3291 811 3338 ceteris
829 3289 933 3337 tradere
950 3295 1064 3352 poterat.

112 3351 184 3470 lid?-
197 3354 250 3406 Gai.
270 3357 293 3412 4,
312 3356 352 3405 53.
372 3355 414 3404 53·
432 3362 491 3407 mat.
575 3351 597 3420 4)
614 3357 709 3420 scripsi
730 3355 838 3419 Tlseoplt.
856 3362 964 3405 secatus.
982 3359 1068 3419 atque

111 3435 140 3470 co
160 3423 184 3473 d.
202 3423 259 3471 edd.
