2472 3896
309 917 616 995 TITULORUM
643 918 978 996 OONSPEC'PUS.

504 1121 616 1173 LIBER
633 1120 777 1172 PRIMUS.

167 1224 222 1278 Tit.
238 1223 254 1273 I
270 1224 312 1272 De
329 1222 436 1272 iustitia
454 1226 483 1272 et
499 1221 568 1270 iure.

233 1291 261 1341 II
279 1292 321 1339 De
340 1291 399 1338 iure
417 1287 550 1346 naturali,
568 1289 690 1352 gentium
707 1294 734 1338 et
752 1287 837 1342 civili.

233 1357 276 1407 III
294 1358 335 1405 De
351 1356 409 1404 iure
428 1369 609 1418 personarum,

234 1424 273 1474 IV
288 1423 330 1471 De
346 1421 480 1485 ingenuis.

234 1490 259 1539 V
276 1491 318 1539 De
335 1488 479 1538 libertinis.

234 1557 272 1607 VI
290 1557 343 1618 Qui
360 1556 457 1621 quibus
475 1569 507 1604 ex
526 1555 616 1604 causis
632 1557 820 1604 manumittere
837 1571 892 1606 non
909 1561 1031 1620 possunt.

232 1625 287 1675 VII
303 1624 346 1672 De
363 1623 425 1686 lege
443 1623 526 1672 Furia
544 1621 660 1671 Caninia
678 1622 793 1677 sublata.

233 1691 299 1742 VIII
316 1691 357 1740 De
374 1690 425 1752 his,
443 1691 491 1753 qui
507 1689 551 1739 sui
567 1689 611 1739 vel
628 1688 710 1739 alieni
727 1691 795 1741 iuris
814 1694 885 1740 sunt.

232 1758 272 1809 IX
290 1760 331 1808 De
349 1758 439 1822 patrIa
456 1760 604 1820 potestate.

231 1825 257 1874 X
274 1827 317 1876 De
335 1827 438 1889 nuptIs.

136 1943 140 1946 .
231 1892 270 1943 XI
287 1891 328 1942 De
345 1891 545 1957 adoptionibus.

230 1961 285 2010 XII
302 1960 407 2021 Quibus
425 1958 511 2008 modis
529 1958 572 2008 ius
589 1958 735 2022 potestatis
755 1958 884 2010 solvitur.

230 2027 300 2078 XIII
316 2028 357 2076 De
375 2025 478 2076 tuteIIs.

230 2094 295 2145 XIV
313 2093 367 2155 Qui
384 2093 442 2142 dari
458 2097 564 2143 tutores
582 2096 744 2142 testamento
762 2097 884 2155 possunt.

231 2160 281 2210 XV
298 2161 340 2210 De
358 2159 483 2224 legitima
501 2160 680 2223 adgnatorum
698 2160 792 2208 tutela.

232 2226 297 2278 XVI
312 2228 354 2276 De
372 2226 471 2290 capitis
489 2226 645 2278 minutIone.

233 2293 309 2344 XVII
326 2294 368 2342 De
387 2293 511 2358 legitima
527 2298 702 2357 patronorum
722 2292 817 2345 tutela.

232 2360 325 2411 XVIII
342 2361 383 2410 De
401 2359 522 2425 legitima
539 2365 683 2423 parentum
701 2359 795 2409 tutela.

231 2427 296 2477 XIX
314 2427 354 2477 De
370 2426 510 2478 fiduciaria
528 2428 623 2480 tutela.

231 2492 283 2542 XX
300 2496 342 2610 Ias
359 2494 488 2545 Atiliano
498 2499 587 2544 tutore
604 2493 648 2544 vel
664 2510 705 2557 eo,
724 2495 771 2559 qui
790 2510 823 2544 ax
840 2494 900 2560 lege
917 2495 989 2545 Iulia
1007 2500 1034 2546 et
1046 2495 1120 2546 Titia

333 2563 438 2612 abatur.

231 2625 297 2676 XXI
315 2627 355 2676 De
372 2631 537 2679 auctoritate
556 2633 684 2682 tutorum.

230 2694 311 2745 XXII
328 2695 432 2756 Quibus
449 2696 534 2746 modis
552 2696 639 2746 tutela
657 2695 756 2751 finitur,

230 2761 324 2811 XXIII
340 2763 382 2812 De
402 2764 580 2813 curatoribus.

231 2829 322 2879 XXIV
339 2829 379 2879 De
397 2830 573 2880 satisdatione
590 2833 710 2880 tutorum
726 2830 770 2879 vel
790 2835 952 2880 curatorum.

230 2896 306 2944 XXV
324 2897 365 2946 De
382 2897 603 2947 excusationibus
620 2902 740 2947 tutorum
757 2897 800 2946 vel
818 2903 982 2950 curatorum.

230 2963 321 3016 XXVI
337 2965 381 3014 De
401 2966 536 3028 suspectis
555 2966 689 3014 tutoribus
707 2969 733 3014 et
751 2964 930 3016 curatoribus.

476 3081 587 3132 LIBER
605 3080 806 3134 SECUNDUS.

229 3182 300 3231 IDe
317 3198 407 3233 rerum
426 3181 570 3236 divisione,

230 3250 257 3299 II
274 3251 315 3299 De
332 3250 413 3300 rebus
431 3247 655 3312 incorporalibus.

228 3315 272 3366 III
289 3318 329 3366 De
347 3316 533 3366 servitutibus.

229 3383 269 3434 IV
285 3385 327 3434 De
345 3385 499 3434 usufructu.

230 3451 253 3500 V
271 3450 314 3500 De
331 3464 382 3501 usu
401 3454 428 3500 et
445 3451 627 3502 habitatione.

196 3548 355 3584 Ivaunum
378 3550 583 3586 lusrlrvrlouss
