2472 3896
276 242 370 287 emens
387 244 467 280 uonrs
483 243 526 281 ms
542 243 693 281 rornsrarrs
710 243 837 282 sonvrrun
855 231 929 293 1,12.
1041 225 1080 291 19

540 479 598 521 rrn.
611 479 666 520 ΧΠ,

210 579 343 644 QUIBUS
360 579 474 644 MODIS
491 579 552 632 IUS
569 579 790 632 Porusrnrrs
809 581 996 637 SOLVITUR.

189 712 355 774 ¹'Videamus
369 735 452 791 nune,
474 718 570 792 quibus
585 718 672 775 modis
686 720 716 789 ii,
738 721 784 793 qui
799 719 885 776 alieno
901 721 952 776 iuri
967 718 1080 776 subiecti
1093 731 1128 771 Pr.

124 809 197 874 sunt,
221 819 253 860 eo
268 804 327 859 iure
341 802 499 860 liberantur.
530 812 556 858 et
572 801 678 876 quidem
693 805 763 859 servi
785 803 1008 877 quemadmodum
1030 819 1079 877 po·

124 895 222 944 testate
237 886 393 956 liberantur,
417 904 449 943 en
463 887 505 942 his
520 886 678 960 intellegere
693 903 849 960 possumus,
863 904 932 961 quae
947 887 1080 944 deservis

124 970 342 1028 manumittendis
357 972 482 1044 superius
497 973 678 1045 exposuimus.
709 971 825 1042 bivero,
841 973 929 1045 quiin
944 978 1080 1045 potestate

124 1055 244 1130 parentis
266 1063 343 1125 sunt,
366 1063 474 1112 mortuo
495 1071 527 1110 eo
547 1056 590 1110 sui
606 1056 671 1110 iuris
687 1052 765 1111 iiunt.
802 1055 850 1111 sed
864 1055 917 1111 hoo
930 1055 1079 1111 distinetio-

125 1155 186 1196 nem
208 1139 313 1212 reeipit.
349 1154 411 1194 nam
426 1146 534 1194 mortuo
549 1145 624 1212 patre
646 1155 709 1196 sane
732 1138 885 1195 omnimodo
907 1137 955 1194 iiiii
977 1136 1079 1193 filiaeve

124 1225 167 1280 sui
182 1224 249 1278 iuris
264 1221 427 1278 eiiioiuntur.
463 1230 571 1278 mortuo
585 1239 649 1277 vero
665 1239 712 1279 avo
727 1239 781 1278 non
797 1222 950 1279 omnimodo
965 1229 1079 1295 nepotes

125 1314 276 1380 neptesque
290 1307 332 1360 sui
345 1307 412 1360 iuris
428 1303 506 1374 fiunt,
526 1305 573 1360 sed
594 1307 638 1374 ita,
662 1307 684 1360 si
699 1314 762 1379 post
776 1315 891 1364 mortem
905 1307 944 1362 avi
959 1307 987 1362 in
1001 1313 1079 1380 pote·
1139 1323 1141 1326 ·

125 1398 222 1446 statem
244 1389 328 1461 patris
351 1389 392 1443 sui
413 1389 532 1444 recasuri
552 1403 607 1443 non
629 1396 707 1443 sunt:
728 1391 820 1462 itaque
839 1392 862 1446 si
884 1391 1015 1446 moriente
1030 1405 1078 1444 avo

126 1481 203 1547 pater
218 1487 312 1528 eorum
327 1479 355 1526 et
368 1472 431 1526 vivit
451 1480 479 1527 et
499 1472 526 1526 in
547 1479 682 1545 potestate
696 1473 836 1545 patrissui
851 1481 905 1543 est,
929 1481 995 1529 tuno
1015 1479 1079 1546 post

127 1555 229 1613 obitum
252 1555 292 1610 avi
307 1556 333 1610 in
348 1560 484 1628 potestate
498 1555 581 1627 patris
601 1555 642 1610 sui
664 1554 745 1610 fiunt:
768 1557 791 1612 si
805 1572 869 1612 vero
886 1557 920 1628 is,
942 1572 996 1628 qno
1012 1562 1079 1612 tem·

125 1655 193 1714 pore
207 1651 271 1694 arus
287 1639 412 1710 moritur,
435 1645 480 1694 aut
494 1639 546 1694 iam
561 1646 684 1694 mortuus
699 1648 741 1694 est
756 1647 802 1696 aut
817 1640 880 1696 eriit
894 1639 927 1695 de
941 1646 1078 1713 potestate

125 1723 220 1798 patris,
243 1730 307 1779 tune
330 1723 368 1793 iri,
390 1723 451 1796 quia
470 1723 497 1778 in
517 1729 680 1795 potestatem
700 1724 758 1779 eius
773 1723 869 1780 eadere
883 1739 937 1779 non
952 1731 1077 1796 possunt,

124 1810 165 1864 sui
180 1808 246 1864 iuris
261 1804 338 1866 iiunt.
373 1799 386 1838 ²
392 1807 458 1862 Cum
473 1815 561 1862 autern
576 1808 609 1878 is,
631 1808 677 1880 qui
697 1806 731 1864 ob
752 1807 862 1881 aliquod
876 1805 1036 1864 maleficium
1051 1808 1077 1862 in
1096 1811 1109 1858 1

123 1890 237 1947 insniarn
259 1890 434 1967 deportatur,
456 1892 592 1946 civitatem
614 1891 726 1961 amittit,
749 1893 871 1964 sequitur
892 1900 939 1962 ut,
961 1893 1022 1965 quia
1044 1905 1077 1948 eo

125 1975 205 2031 modo
217 1990 249 2030 ex
260 1989 372 2031 numero
384 1974 480 2032 civium
490 1973 672 2030 Romanorum
681 1974 795 2046 tollitur,
810 1973 921 2050 perinde
936 1977 990 2031 aosi
1005 1992 1076 2031 mor·

125 2065 173 2114 trio
188 2073 221 2114 eo
237 2057 359 2114 desinant
373 2057 450 2115 liberi
473 2057 500 2112 in
523 2064 660 2131 potestate
678 2059 735 2115 eius
756 2074 824 2116 esse.
853 2061 909 2132 pari
925 2059 1028 2115 ratione
1050 2065 1079 2113 et

125 2143 148 2196 si
158 2143 192 2213 is,
208 2142 254 2214 qui
266 2143 294 2196 in
305 2149 441 2215 potestate
452 2144 571 2215 parentis
585 2143 630 2212 sit,
642 2143 670 2196 in
685 2142 800 2198 insulam
812 2141 970 2215 deportatus
985 2141 1077 2214 inerit,

127 2224 224 2280 desinit
237 2225 264 2280 in
279 2232 414 2297 potestate
428 2226 547 2298 parentis
563 2241 632 2286 esse.
668 2224 715 2281 sed
730 2226 753 2280 si
773 2241 805 2281 ex
820 2225 985 2299 induigentia
1000 2226 1076 2299 prin-

127 2307 205 2381 cipaii
226 2309 344 2364 restituti
364 2308 475 2380 inerint,
497 2324 546 2382 per
561 2310 648 2364 omnia
662 2309 806 2382 pristinum
821 2315 919 2366 statum
934 2310 1075 2383 recipiunt.

126 2385 267 2462 ³iieiegati
280 2400 368 2448 autem
382 2401 472 2467 patres
487 2393 515 2447 in
530 2393 643 2448 insulam
658 2393 686 2447 in
704 2400 840 2466 potestate
856 2409 903 2448 sua
919 2391 1020 2449 liberos
1035 2409 1076 2448 re·
1095 2397 1110 2442 *2

126 2476 226 2532 tinent:
247 2482 275 2529 et
289 2491 304 2530 e
318 2478 452 2531 contrario
468 2475 545 2531 liberi
560 2476 672 2550 relegati
688 2476 716 2530 in
730 2484 864 2550 potestate
880 2485 1020 2550 parentum
1035 2493 1075 2533 re·

125 2566 243 2637 manent.
284 2558 388 2616 Poenae
415 2575 509 2616 servus
536 2559 646 2617 eii'eetus
673 2557 744 2616 iiiios
771 2561 798 2616 in
821 2568 957 2634 potestate
979 2560 1109 2617 haberet

126 2643 234 2700 desinit.
276 2643 347 2698 servi
374 2651 463 2700 autem
489 2659 591 2718 poenae
619 2641 787 2715 efficiuntur,
805 2645 863 2717 'qui
891 2645 919 2700 in
941 2644 1076 2702 metalium

126 2726 286 2782 damnantur
304 2736 331 2782 et
351 2729 397 2799 qui
414 2726 508 2784 bestiis
524 2727 702 2784 subiciuntur.
732 2726 928 2784 titiustamitias
943 2729 966 2783 si
981 2727 1076 2782 milita·
1094 2729 1111 2776 4

125 2811 204 2881 verit,
227 2809 267 2865 vei
283 2810 307 2864 si
321 2817 430 2866 senator
451 2811 492 2866 vei
514 2809 608 2867 eonsui
624 2809 818 2881 mentiretur,
840 2819 930 2866 manet
944 2812 972 2867 in
993 2810 1077 2884 patris

125 2900 270 2967 potestate.
299 2893 393 2948 militia
408 2895 477 2948 enirn
492 2895 534 2950 vei
549 2894 700 2951 consularia
714 2895 830 2968 dignitas
845 2896 930 2966 patris
944 2898 1079 2968 potestate

126 2976 208 3033 fliium
230 2993 285 3033 non
306 2976 410 3033 liberat.
446 2977 494 3032 sed
515 2995 547 3034 en
569 2979 763 3035 constitutione
783 2969 896 3033 nostra⁴
910 2992 1011 3034 summa
1031 2994 1078 3051 pa·

126 3063 246 3117 triciatus
268 3061 384 3136 dignitas
405 3059 477 3116 iliieo
500 3060 531 3116 ab
552 3060 734 3135 imperialibus
755 3059 890 3118 eodieiiiis
905 3061 1041 3135 praestitis
1063 3077 1078 3116 a

125 3146 208 3219 patria
227 3153 366 3218 potestate
386 3145 491 3200 liberat.
528 3147 588 3218 quis
610 3147 679 3202 enim
706 3146 824 3218 patiatur
844 3153 948 3219 patrem
970 3144 1078 3218 quidem

192 3353 212 3424 1)
231 3378 264 3400 ==
277 3359 333 3409 unt.
349 3361 379 3418 1,
396 3360 452 3411 124.
473 3358 531 3408 tue.
550 3358 608 3410 127.
711 3354 733 3421 ²)
749 3359 845 3422 partim
855 3357 957 3410 attat.
977 3358 1000 3414 i,
1020 3357 1076 3409 128.

126 3421 146 3488 ⁸)
156 3425 214 3487 sere
226 3442 260 3467 ει
271 3426 303 3478 L.
320 3428 346 3476 4.
365 3427 397 3476 D.
415 3427 447 3476 de
464 3425 559 3476 interd.
577 3431 603 3472 et
618 3427 666 3474 rel.
685 3421 736 3487 (48,
755 3425 799 3490 22)
818 3441 853 3475 ere
870 3425 1001 3474 Marciam·
1016 3426 1033 3476 l.
1052 3425 1076 3475 2.

124 3493 202 3543 instit.
272 3491 294 3556 4)
312 3494 344 3547 L.
363 3495 387 3544 t.
407 3492 434 3544 0.
454 3495 486 3544 de
504 3491 623 3544 consulib.
642 3489 693 3556 (11,
712 3491 747 3554 3).

888 3569 928 3622 2*
