2492 3896
154 161 195 225 68
354 179 389 212 nn
406 178 631 216 cmmemores
648 178 802 214 muccosum
814 164 849 225 Π,
863 165 903 214 13.

154 317 317 392 adgnatione
338 318 539 374 nanciscuntur.
583 334 617 373 ne
638 333 704 392 ergo
726 333 759 373 eo
781 317 861 372 modo
884 324 1025 390 rumpatur
1044 317 1105 372 elus

153 409 359 472 testamentum,
386 402 456 456 sient
476 403 562 474 ipsum
585 400 669 456 filium
690 400 732 457 rel
754 400 878 456 herodem
899 401 1038 455 instituere
1060 400 1106 456 rel

154 486 310 540 nominatim
326 485 488 541 exheredare
502 484 581 542 dehet
594 493 723 555 testator,
740 501 774 540 ne
785 500 842 539 non
856 485 915 538 iure
929 483 1008 539 iaciat
1019 491 1105 539 tfflta·

155 575 289 639 ruentum,
312 568 348 623 ita
369 577 396 623 et
415 577 540 642 nepotem
551 571 700 642 ‘septemve
721 583 753 623 ex
767 565 823 623 lilio
837 583 950 624 neeesse
965 568 1046 622 estei
1061 566 1105 623 vel

154 650 278 706 heredem
292 651 432 707 instituere
447 651 488 707 rel
503 652 676 719 exheredare,
686 668 724 707 ure
739 651 825 722 sorte,
839 652 898 706 viro
914 667 947 706 eo
962 649 1017 706 hdie
1032 665 1104 706 mor·

154 741 214 804 tuo,
235 735 403 790 succedendo
424 737 452 790 in
473 735 561 791 locum
583 737 641 791 eius
663 751 746 808 nepos
766 735 886 807 neptisve
905 735 981 806 quasi
1002 733 1105 807 adgna-

153 819 228 872 tione
242 827 366 891 rumpant
376 826 579 874 destamentum.
615 818 695 888 idque
715 817 776 890 lege
790 811 882 873 lunia¹
897 817 996 873 Velleio
1012 819 1105 890 prori-

155 916 214 956 sum
229 910 287 973 est,
302 904 334 956 in
354 919 405 976 qua
425 902 503 957 simul
519 901 732 957 exheredationis
747 900 841 956 modus
857 900 890 956 ad
904 900 1106 956 similitudinem

122 992 138 1040 3
155 993 341 1057 postumorum
363 985 570 1040 demonstratur.
609 978 812 1056 ²llmancipatos
833 983 932 1040 liberos
953 985 1012 1039 iure
1033 984 1106 1040 cirili

155 1084 242 1141 neque
260 1067 371 1123 heredes
387 1069 532 1124 :instituere
550 1083 639 1140 noque
655 1068 817 1123 exheredare
838 1083 947 1123 necesse
962 1075 1019 1138 ert,
1042 1069 1106 1140 quia

155 1168 209 1206 non
225 1159 288 1206 sunt
308 1152 349 1206 sui
370 1151 492 1206 heredes.
526 1151 576 1207 sed
590 1159 699 1224 praetor
713 1167 807 1207 omnes
821 1159 875 1206 tam
889 1150 1007 1206 iemhriui
1023 1167 1105 1206 sexus

155 1250 234 1306 quarn
248 1235 395 1304 masculini,
410 1237 434 1290 si
447 1235 560 1290 heredes
575 1252 628 1290 non
643 1235 832 1303 instituantur,
848 1234 1004 1290 exheredari
1018 1233 1105 1304 iubet,

156 1317 237 1373 virilis
253 1335 331 1374 sexus
347 1317 515 1389 nominatim,
529 1318 648 1374 feminini
664 1334 725 1374 vero
741 1325 769 1374 et
782 1320 853 1374 inter
868 1326 981 1374 ceteros.
1008 1317 1107 1391 quodsi

155 1417 243 1474 neque
258 1401 370 1458 heredes
384 1403 500 1458 instituti
516 1402 615 1458 inerint
629 1418 715 1474 neque
730 1404 783 1472 ita,
803 1407 834 1457 ut
844 1401 977 1470 diximus,
993 1402 1105 1458 exhere-

155 1484 225 1556 dati,
244 1486 379 1557 promittit
394 1495 502 1559 praetor
516 1489 555 1542 eis
569 1494 663 1542 contra
678 1485 781 1542 tabulas
804 1486 955 1540 testamenti
970 1484 1105 1542 honorum

121 1579 139 1624 4
155 1571 363 1642 possessionem.
399 1561 541 1643 ³Adoptiri
557 1568 633 1625 liheri
648 1568 772 1641 quamdiu
786 1577 851 1624 sunt
868 1571 894 1624 iu
904 1575 1044 1642 potestate
1054 1586 1106 1642 pa·

157 1654 204 1707 tris
219 1652 352 1724 adoptivi,
368 1653 485 1709 eiusdem
501 1653 565 1708 iuris
580 1650 728 1722 hahentur,
743 1653 819 1708 cuius
833 1661 896 1708 suut
908 1654 988 1708 iustis
1002 1655 1106 1727 nuptiis

155 1737 282 1807 quaesiti:
303 1737 395 1806 itaque
413 1735 524 1792 heredes
545 1735 701 1790 instituendi
720 1736 762 1791 rel
776 1735 955 1792 exheredandi
974 1745 1040 1792 sunt
1058 1753 1104 1792 se-

150 1818 271 1874 cundum
286 1834 332 1888 ea,
352 1834 419 1891 quae
433 1819 466 1874 de
481 1818 646 1875 naturalibus
661 1819 846 1891 exposuimus:
869 1820 1026 1892 emancipati
1040 1836 1105 1876 voro

155 1909 260 1975 epatre
271 1902 397 1976 adoptivo
407 1918 494 1976 neque
503 1904 561 1958 iure
572 1902 641 1958 civili
657 1919 745 1974 neque
760 1903 833 1976 quod
848 1903 881 1958 ad
895 1901 1010 1958 edicturm
1019 1920 1105 1976 prae-

156 1987 223 2041 toris
245 1987 355 2056 attinet,
378 1988 451 2042 inter
469 1985 568 2042 liberos
586 1996 771 2046 numerantur.
806 1987 978 2058 quaratione
999 1987 1105 2056 aooidit,

155 2077 186 2124 ut
206 2085 238 2124 ex
257 2070 362 2126 diverso
383 2069 456 2142 quod
475 2070 509 2126 ad
526 2070 672 2126 naturalem
692 2078 829 2143 parentem
849 2073 957 2139 attinet,
979 2069 1105 2143 quamdiu

155 2153 330 2226 quidemsint
346 2155 375 2209 in
390 2155 512 2227 adoptiva
526 2153 638 2222 familia,
655 2162 841 2210 extraneorum
862 2169 974 2209 numero
989 2153 1103 2210 habean-

155 2245 216 2306 tur,
230 2245 261 2291 ut
275 2254 322 2293 eos
337 2254 424 2310 neque
439 2237 550 2294 heredes
565 2237 706 2293 instituere
715 2253 804 2308 neque
819 2236 980 2292 exheredare
992 2252 1105 2293 necesse

156 2321 200 2376 sit.
237 2336 297 2375 curn
312 2328 376 2376 vero
391 2322 549 2394 emancipati
562 2321 664 2376 inerint
683 2320 715 2376 ab
731 2321 855 2394 adoptivo
870 2328 961 2394 patre,
982 2331 1048 2376 ttmc
1061 2320 1103 2377 in·

150 2404 257 2474 cipiunt
268 2404 295 2457 in
310 2419 341 2457 ea
355 2419 433 2458 causa
448 2421 524 2475 esse,
539 2405 566 2459 in
581 2420 633 2477 qua
647 2404 731 2460 futuri
745 2412 850 2474 essent,
870 2403 937 2460 siah
951 2405 1010 2478 ipso
1024 2412 1104 2460 natu·

123 2493 138 2540 5
155 2485 204 2542 rali
218 2494 293 2558 patre
308 2489 462 2559 emancipati
475 2488 600 2543 inissent.
626 2486 679 2543 Sed
693 2489 759 2544 haec
772 2495 891 2544 vetustas
904 2485 1102 2544 introducebat.

156 2577 249 2625 nostra
262 2585 326 2625 vero
342 2564 519 2626 constitutio⁴
533 2571 605 2626 inter
618 2571 750 2627 masculos
765 2580 793 2626 et
812 2570 923 2627 feminas
937 2573 965 2627 in
979 2571 1030 2626 hoc
1044 2573 1104 2628 iure

156 2653 221 2709 nihil
237 2653 367 2708 interesse
388 2655 556 2725 existimans,
575 2656 637 2726 quia
657 2663 770 2727 utraque
789 2671 904 2728 persona
923 2656 950 2710 iu
965 2655 1104 2711 hominum

155 2738 341 2810 procreatione
355 2737 477 2793 similiter
494 2746 605 2793 naturae
626 2736 715 2794 oiliclo
734 2738 859 2813 iungitur
879 2746 906 2794 et
920 2737 981 2811 lege
996 2739 1104 2812 antiqua

155 2821 294 2877 duodecim
316 2819 464 2877 tabularum
487 2837 579 2878 ornnes
601 2822 722 2877 similiter
744 2822 777 2878 a'd
804 2822 987 2878 successiones
1009 2821 1041 2877 ah
1063 2824 1104 2878 iu·

156 2911 254 2960 testato
269 2903 440 2974 vocabantur,
456 2904 529 2978 quod
541 2912 568 2960 et
579 2914 718 2976 praetores
733 2914 827 2978 postea
840 2906 925 2962 secuti
940 2920 1000 2960 esse
1012 2905 1104 2962 viden-

156 2995 216 3059 tur,
237 2986 298 3043 idco
319 2988 431 3061 simplex
451 3005 482 3044 ac
499 2987 586 3044 simile
606 2989 648 3044 ius
664 2997 691 3044 et
710 2991 738 3044 in
752 2989 813 3044 liliis
828 2997 856 3044 et
871 2989 898 3044 in
913 2987 1017 3044 liliahus
1033 2991 1103 3045 etin

156 3073 253 3127 ceteris
267 3071 490 3128 descendentibus
511 3088 560 3144 per
579 3072 681 3127 virilem
701 3089 794 3128 sexum
808 3073 931 3146 personis
945 3089 1000 3128 non
1013 3072 1103 3128 solum

153 3235 353 3244 *κη-

224 3349 245 3412 1)
264 3349 333 3400 ruia
350 3349 385 3400 c·
406 3349 515 3415 theoph.
583 3349 604 3416 2)
622 3371 655 3394 ..
669 3351 723 3402 oar.
742 3354 765 3412 1,
781 3351 837 3406 res.
904 3348 925 3417 8)
939 3315 993 3403 oar.
1007 3353 1102 3416 1‚1oo.

159 3417 206 3466 137
224 3423 281 3470 mut.
348 3414 370 3480 4)
387 3418 420 3466 L.
437 3419 462 3467 4.
484 3419 510 3472 G.
527 3419 559 3468 de
576 3419 617 3469 tto.
634 3425 718 3482 praet.
737 3417 772 3480 (6,
790 3415 842 3482 28).
