2500 3890
305 197 340 231 nr
358 196 516 232 mormanus
534 195 769 234 srmuurroumus
786 183 841 246 ΠΙ,
860 185 892 234 la
911 181 974 248 (20).
1066 181 1131 246 135]

168 352 247 396 erro
270 353 394 394 ossuum
413 352 478 394 uon
497 351 671 407 sorresco,
691 353 776 394 osan
797 338 952 396 secunus?
973 354 1040 411 pure
1054 338 1125 395 iacta

169 421 301 494 obligatio
317 420 486 494 intellegitur
499 420 615 492 ideoque
636 420 728 476 statim
743 429 835 494 petere
849 430 950 495 potest.
986 421 1052 478 ltem
1066 438 1124 478 ver·
1144 435 1174 484 12

168 505 269 561 borum
283 503 411 577 obligatio
427 505 498 560 iuter
517 504 641 559 absentes
663 512 792 577 concepta
806 505 907 560 inutilis
922 513 973 563 est.
1003 506 1051 562 sed
1066 522 1125 562 cum

168 589 225 644 boc
238 589 375 644 materiam
391 587 477 643 litium
500 589 678 643 contentiosis
699 587 849 644 hominibus
869 588 1037 662 praestabat,
1053 589 1126 646 lorte

168 680 235 746 post
249 679 355 745 tempus
371 670 439 727 tales
453 671 628 745 allegationes
648 671 847 744 opponentibus
860 680 888 728 et
901 689 956 728 uon
971 682 1126 746 praesentes

169 772 231 812 esse
249 755 292 810 vel
313 771 342 810 se
365 755 407 810 vel
427 755 591 810 adversarios
611 771 676 810 suos
697 754 935 811 contendentibus:
958 757 1018 813 idco
1033 764 1126 813 nostra

169 832 352 896 constitutio¹
373 846 485 912 propter
511 837 673 894 celeritatem
700 838 906 894 dirimendarum
932 840 1019 895 litium
1041 841 1126 897 intro·

169 923 252 979 ducta
274 931 330 992 est,
353 938 431 994 quam
453 922 484 978 ad
506 915 707 978 Caesarienses²
723 922 864 978 advocatos
884 925 1055 997 scripsimus,
1077 941 1126 997 per

168 1023 250 1080 quam
266 1006 464 1079 disposuimus,
487 1005 556 1062 tales
570 1008 733 1079 scripturas,
756 1022 822 1079 quae
837 1015 945 1078 praesto
960 1023 1020 1062 esse
1035 1017 1124 1079 partes

169 1089 304 1160 indicant,
320 1089 473 1146 omnimodo
488 1106 546 1146 esse
561 1089 722 1159 credendas,
738 1090 789 1144 nisi
803 1091 876 1163 ipse,
899 1090 945 1162 qui
960 1089 1056 1146 talibus
1071 1092 1123 1145 uti·

169 1183 217 1230 tur
230 1172 360 1247 improbis
380 1172 604 1246 allegationibus,
625 1172 844 1229 manifestissimis
863 1173 1065 1247 probationibus
1080 1174 1124 1229 vel

168 1274 221 1332 per
239 1259 399 1330 scripturam
419 1257 461 1312 vel
481 1274 529 1330 per
549 1264 634 1313 testes
655 1257 768 1312 idoneos
795 1258 994 1330 approbaverit,
1017 1259 1124 1330 inipso

168 1349 232 1398 toto
245 1339 298 1411 die,
314 1357 368 1413 quo
378 1339 569 1396 conficiebatur
579 1341 797 1410 instrumentum,
813 1357 873 1397 sese
887 1341 929 1396 vel
944 1341 1123 1397 adversarium

168 1441 251 1482 suum
266 1427 292 1479 in
308 1424 366 1480 aliis
380 1424 447 1480 locis
462 1441 533 1481 esse.
562 1424 627 1480 Post
641 1431 755 1478 mortem
767 1439 841 1478 suam
853 1424 909 1480 dari
921 1424 970 1479 sibi
982 1441 1061 1480 nemo
1076 1425 1122 1479 sti·
1142 1431 1173 1481 13

169 1509 259 1584 pulari
273 1515 393 1581 poterat,
414 1524 470 1563 non
484 1509 568 1581 magis
584 1524 662 1581 quam
677 1517 740 1579 post
755 1507 812 1562 eius
827 1515 955 1577 mortem,
977 1524 991 1562 a
1007 1523 1060 1580 quo
1075 1509 1123 1562 sti·

169 1591 324 1667 pulabatnr.
354 1607 385 1647 ac
395 1607 430 1646 ne
442 1593 474 1663 is,
490 1593 537 1665 qui
552 1593 579 1646 in
591 1591 703 1648 alicuius
721 1599 855 1664 potestate
866 1599 918 1662 est,
933 1599 995 1665 post
1010 1598 1124 1646 mortem

168 1677 232 1734 eius
249 1674 373 1749 stipulari
393 1683 514 1750 poterat,
533 1677 595 1749 quia
616 1675 700 1747 patris
716 1674 756 1730 sol
770 1675 868 1730 domini
882 1691 948 1731 voce
962 1675 1038 1749 loqui
1051 1674 1124 1729 vide-

168 1770 228 1816 tur.
265 1758 313 1814 sed
328 1760 394 1816 etsi
415 1761 526 1831 quisita
546 1759 705 1832 stipuletur,
725 1775 832 1816 peroro
849 1775 934 1823 ouant
948 1774 1068 1817 nonme
1081 1758 1124 1815 vel

167 1859 280 1902 norom
301 1858 388 1908 cusu
407 1857 555 1900 montosus
575 1843 669 1900 cunr?
690 1843 793 1898 inutilis
814 1853 871 1899 erat
890 1844 1039 1917 stipulatio.
1077 1841 1125 1898 sed

170 1944 251 1998 cum,
272 1934 303 1982 ut
322 1928 373 1982 iam
392 1926 493 1982 dictum
513 1937 569 1998 est,
592 1944 625 1982 ex
638 1943 771 1982 consensu
787 1927 1000 1983 contrahentium
1015 1925 1126 2000 stipula·

168 2013 261 2067 tiones
277 2010 380 2080 valent,
402 2001 500 2082 plaomt
514 2003 606 2066 nobis³
621 2012 700 2066 etiam
715 2011 741 2065 in
755 2010 827 2066 huuc
840 2011 905 2065 iuris
921 2009 1063 2066 articulum
1077 2024 1124 2063 ne-

168 2095 313 2152 cessariam
333 2093 459 2149 inducere
480 2094 709 2162 emendationem,
730 2101 775 2162 ut,
795 2094 851 2148 sive
865 2101 928 2166 post
942 2101 1055 2147 mortem
1071 2092 1125 2146 sive

171 2179 258 2253 pridie
271 2193 349 2249 quam
362 2177 493 2234 morietur
505 2177 647 2250 stipulator
658 2178 713 2232 sive
729 2177 892 2249 promissor,
907 2175 1045 2248 stipulatio
1059 2190 1124 2231 con-

169 2271 250 2336 cepta
271 2269 327 2330 est,
351 2261 435 2316 valeat
454 2261 599 2335 stipulatio.
637 2260 701 2316 ltem
721 2262 743 2314 si
765 2260 824 2332 quis
844 2261 880 2315 ita
894 2259 1038 2334 stipulatus
1053 2266 1124 2314 erat:
1144 2265 1174 2314 14

172 2362 205 2404 ει
217 2361 310 2403 usvrs
324 2362 365 2401 nx
380 2359 452 2402 ss1s
465 2361 615 2414 vannum,
635 2359 733 2400 norun
753 2359 835 2400 nane
851 2344 1004 2402 snouonsl
1023 2343 1126 2399 inutilis

173 2437 231 2486 crat
250 2429 409 2502 stipulatio,
432 2430 493 2500 quia
512 2437 683 2502 praepostere
704 2437 833 2500 concepta
853 2437 904 2484 est.
935 2429 982 2484 sed
997 2444 1057 2485 oum
1072 2426 1126 2484 Leo

172 2514 290 2587 inclytae
310 2512 506 2568 recordatiouis
527 2512 554 2567 in
575 2511 683 2567 dotibus
698 2511 807 2567 eandem
821 2513 1037 2585 stipulationem,
1059 2526 1126 2584 quae

174 2604 348 2670 praepostera
363 2604 548 2668 nuncupatur,
568 2612 622 2651 non
637 2611 697 2651 esse
710 2596 867 2651 reiciendum
884 2597 1057 2665 existimavit,
1079 2611 1127 2649 no·

173 2673 237 2735 his⁴
259 2679 376 2753 placuit,
399 2688 426 2735 et
446 2680 509 2735 huic
527 2679 677 2753 perlectum
693 2678 776 2735 robur
790 2680 1004 2748 accommodare,
1027 2686 1126 2733 utnon

175 2763 263 2820 solum
278 2765 306 2818 in
321 2761 445 2835 dotibus,
460 2762 508 2818 sed
522 2764 601 2818 etiam
615 2764 643 2819 in
659 2763 781 2819 omnibus
797 2762 881 2817 valeat
895 2761 1048 2817 huiusmodi
1062 2777 1125 2816 con·

175 2849 265 2920 ceptio
285 2846 475 2918 stipulationis.
513 2846 551 2901 lta
572 2853 659 2901 autem
682 2854 813 2917 concepta
832 2845 985 2918 stipulatio,
1005 2843 1088 2898 veluti
1103 2845 1125 2899 sl
1145 2852 1176 2900 15

176 2929 261 2986 Titius
281 2930 352 2985 dicat
373 2945 436 2987 cun
450 2945 585 3001 nosrta,
606 2945 690 2986 osan
706 2928 858 2986 arouonst
879 2928 920 2983 vel
937 2943 1000 2985 coar
1016 2942 1126 2984 uomu-

175 3029 241 3087 sam,
257 3021 285 3068 et
299 3012 369 3087 apud
384 3023 487 3069 veteres
500 3013 573 3068 utilis
589 3021 646 3068 erat
661 3022 688 3068 et
703 3028 774 3068 nunc
784 3009 863 3066 valet.
898 3011 963 3066 ltem
979 3019 1041 3084 post
1056 3027 1126 3066 mor·
1146 3018 1177 3068 16

176 3107 229 3154 tem
243 3098 353 3153 alterius
373 3105 447 3152 recte
467 3096 637 3170 stipulamur.
676 3089 721 3152 ⁶Si
736 3097 863 3168 seriptum
882 3095 966 3152 luerit
985 3096 1012 3151 iu
1025 3095 1125 3150 instru·
1144 3099 1175 3148 lt

244 3309 264 3373 ¹)
282 3310 314 3360 L.
335 3311 373 3360 14.
394 3309 422 3359 0.
439 3311 471 3360 de
487 3317 569 3360 contr.
587 3327 610 3359 c.
628 3324 711 3358 comm.
729 3309 788 3372 stip.
807 3306 849 3370 (8,
868 3309 900 3358 et
918 3312 951 3358 al.
967 3307 1021 3362 38l·
1107 3307 1128 3372 ²)

174 3380 212 3428 sic
234 3379 308 3427 codd.
333 3375 527 3428 Caesaroenses
550 3378 590 3430 ed.
614 3377 661 3426 Kr.
751 3373 772 3440 ³)
795 3377 827 3426 L.
851 3377 889 3430 11.
914 3376 939 3426 G.
964 3377 1021 3428 eod.
1105 3373 1128 3440 4)

175 3444 209 3496 n.
227 3446 268 3498 25.
288 3444 314 3498 c.
333 3447 364 3494 ae
383 3451 478 3494 tesana.
496 3441 533 3508 (o,
551 3442 604 3508 aa).
675 3440 695 3506 5)
713 3464 746 3486 ==
764 3443 836 3494 Pau.
854 3447 880 3507 5,
898 3445 921 3508 a,
940 3446 966 3496 a.
