2472 3896
149 575 150 581 ¹
203 567 260 667 ,m
285 547 486 642 nonnum
513 564 701 758 nqoqqrsr
718 562 916 756 posunt
940 562 1072 640 insu·

539 684 565 757 c
688 684 716 758 r

178 833 358 875 manseron
377 831 495 874 GAESAB
508 815 641 873 'HUIUS
658 831 855 873 marmanios
868 829 1088 872 Anaunmcus

178 899 331 942 GO'PHIOUS
358 899 529 940 numeneus
555 898 754 940 (annumque
775 895 911 946 lucifluus
935 895 1088 939 numetis

180 967 373 1010 vertumnus
386 965 559 1010 trinutum
573 965 642 1008 ems
658 965 753 1006 FELIX
765 964 912 1006 muninus
925 964 1036 1006 VICTOR
1049 963 1087 1006 Au

375 1033 595 1075 numunianum
608 1032 728 1074 SEMPEB
740 1031 898 1074 AUGUSTUS

414 1097 546 1142 cuninam
560 1099 667 1140 LEGUM
679 1099 856 1140 IUVEN'PU'H.

219 1224 420 1297 imperatoriam
435 1225 599 1279 maiestatem
614 1237 669 1278 non
684 1222 773 1278 solum
788 1223 867 1277 armis
882 1221 1046 1296 decoratam,
1066 1221 1113 1277 sed
1126 1240 1162 1282 121.

155 1309 236 1365 etiam
251 1305 357 1380 legibus
380 1303 492 1379 oportet
510 1321 570 1361 esse
585 1315 722 1376 armatam,
744 1314 775 1361 ut
790 1312 935 1378 utrumque
957 1312 1064 1380 tempus
1086 1313 1113 1360 et

155 1390 291 1447 bellorum
307 1390 424 1462 et'paois
438 1397 512 1445 recte
528 1381 617 1462 possit
630 1387 774 1460 gubernari
796 1396 823 1444 et
838 1390 962 1462 princeps
977 1387 1112 1445 Romanus

156 1477 243 1530 victor
257 1474 355 1528 existat
369 1489 424 1528 non
440 1471 527 1528 solum
548 1471 575 1526 lu
591 1470 735 1527 hostilibus
758 1471 877 1545 proeliis,
901 1473 949 1526 sed
970 1474 1049 1528 etiam
1064 1487 1114 1544 per

157 1557 293 1630 legitimos
308 1558 430 1611 tramites
445 1555 663 1611 calumniantium
678 1556 833 1627 iniquitates
848 1554 994 1627 expellens,
1019 1565 1046 1610 et
1068 1554 1114 1610 liat

156 1650 210 1696 tarn
231 1641 299 1696 iuris
325 1639 544 1714 religiosissimus
573 1649 651 1712 quam
679 1639 756 1694 victis
778 1637 902 1693 hostibus
923 1639 1112 1712 triumphator.

220 1723 339 1791 Quorum
353 1733 495 1796 utramque
505 1725 574 1779 riam
586 1737 646 1778 curn
657 1723 767 1778 summis
782 1721 879 1796 vigiliis
892 1730 922 1778 et
933 1738 1034 1778 summa
1049 1740 1112 1796 pro·
1132 1737 1145 1783 1

154 1809 270 1865 ridentia
285 1807 419 1864 adnuente
433 1808 486 1863 lieo
501 1807 672 1880 perfecimus.
709 1814 736 1861 et
752 1805 862 1861 bellicos
877 1805 984 1879 quidem
1000 1806 1113 1862 sudores

154 1902 266 1948 nostros
281 1889 434 1947 barbaricae
449 1900 546 1964 gentes
561 1889 683 1964 subiuga
695 1898 787 1946 nostra
799 1889 929 1946 deductae
943 1897 1114 1964 cognoscunt

155 1985 182 2032 et
203 1985 257 2032 tam
271 1974 360 2032 Africa
382 1991 462 2048 quam
484 1975 549 2030 aliae
571 1975 758 2029 innumerosae
772 1975 932 2049 'provinciae
954 1978 1019 2046 post
1040 1981 1113 2030 tanta

154 2068 307 2134 temporum
323 2059 409 2134 spatia
431 2059 533 2114 nostris
554 2059 672 2114 victoriis
688 2073 702 2112 a
717 2057 824 2113 caelesti
847 2058 957 2112 numine
978 2058 1113 2129 praestitis

155 2143 253 2198 iterum
268 2143 366 2198 dicioni
381 2140 514 2197 Romanae
529 2150 680 2213 nostroque
703 2140 808 2195 additae
822 2141 936 2212 imperio
958 2146 1113 2212 protestan-

156 2233 211 2281 tur.
241 2241 333 2280 omnes
348 2241 411 2280 voro
426 2226 521 2299 populi
535 2223 641 2298 legibus
663 2226 713 2278 iam
736 2240 750 2277 a
771 2223 849 2279 nobis
870 2222 913 2278 rel
935 2223 1113 2297 promulgatis

157 2308 199 2363 vel
215 2311 371 2381 compositis
385 2317 528 2382 reguntur.
558 2307 592 2362 Et
613 2323 673 2362 cum
693 2309 883 2363 sacratissimas
905 2308 1112 2363 constitutiones
1130 2316 1146 2364 2

157 2400 235 2448 antea
257 2391 381 2447 confusas
403 2393 430 2446 in
458 2391 621 2448 luculentam
646 2393 780 2447 ereximus
802 2393 1020 2462 consonantiam,
1050 2399 1113 2447 tuno

156 2483 276 2531 nostram
291 2475 457 2531 extendimus
472 2492 561 2532 curam
583 2483 611 2531 et
632 2474 664 2529 ad
686 2477 814 2530 immensa
835 2474 993 2548 prudentiae
1014 2476 1112 2531 veteris

156 2559 291 2614 volumina
306 2567 333 2612 et
349 2575 416 2630 opus
438 2559 620 2633 desperatum,
643 2561 718 2633 quasi
741 2575 789 2631 per
811 2559 927 2614 medium
949 2559 1113 2632 profundum

157 2649 264 2712 euntes,
287 2640 396 2697 caelesti
410 2643 501 2698 lavore
523 2645 573 2697 iarn
596 2643 805 2716 adimplevimus
849 2641 969 2715 Cumque
991 2643 1043 2698 boe
1057 2642 1111 2698 lieo
1130 2651 1145 2698 3

156 2727 274 2800 propitio
291 2734 428 2798 peractum
445 2736 497 2796 est,
513 2725 684 2797 Tribcniano,
699 2728 755 2782 viro
771 2725 923 2800 magnifico,
939 2727 1069 2798 magistro
1085 2732 1113 2780 et

156 2827 187 2865 er
200 2817 345 2883 quaestore
353 2811 421 2864 sacri
433 2810 522 2882 palatii
533 2812 629 2880 nostri,
641 2827 692 2868 uec
702 2827 757 2865 non
765 2810 914 2882 Theophila
926 2819 953 2865 et
965 2809 1111 2877 Dorotheo,

155 2895 218 2948 viris
233 2892 397 2962 illustribus,
412 2893 637 2966 antecessoribus,
660 2909 775 2966 quorum
790 2895 908 2948 omnium
923 2893 1068 2949 sollertiam
1085 2901 1112 2948 et

155 2977 247 3050 legum
262 2977 401 3032 scientiam
416 2985 443 3031 et
458 2979 526 3034 circa
541 2986 648 3033 nostras
663 2979 795 3033 iussiones
809 2975 889 3031 fidem
905 2977 957 3031 iam
973 2993 1004 3032 er
1020 2975 1111 3033 multis

155 3077 246 3118 rernm
260 3061 427 3134 argumentis
445 3063 606 3134 accepimus,
629 3063 781 3118 convocatis
804 3060 958 3134 specialiter
979 3060 1111 3118 mandavi·

155 3161 225 3214 mus,
248 3153 279 3199 ut
294 3154 388 3201 nostra
405 3146 563 3201 auctoritate
578 3147 734 3218 nostrisque
756 3143 927 3200 suasionibus
949 3154 1111 3217 componant

154 3229 356 3286 institutiones:
371 3237 402 3284 ut
413 3228 493 3284 liceat
506 3228 582 3284 vobis
597 3231 682 3302 prima
697 3229 788 3302 legum
803 3228 932 3284 cunabula
947 3244 1002 3285 non
1017 3228 1051 3285 ab
1066 3245 1111 3284 an·

154 3313 238 3385 tiquis
252 3311 348 3368 fabulis
363 3313 476 3386 discere,
499 3311 546 3370 sed
561 3312 592 3367 ab
607 3313 735 3386 imperiali
758 3310 902 3386 splendore
924 3322 1060 3388 appetere,
1084 3320 1111 3368 et

156 3405 208 3451 tarn
224 3413 302 3452 aures
314 3414 393 3470 quana
409 3399 510 3453 animae
525 3405 628 3453 vestrae
643 3397 709 3452 nibil
723 3398 819 3454 inutile
833 3398 954 3471 nihilque
969 3412 1111 3470 perperam

155 3480 284 3552 positum,
299 3481 346 3536 sed
361 3482 432 3555 quod
443 3484 470 3536 in
485 3483 550 3555 ipsis
563 3496 652 3536 rerum
668 3482 774 3554 optinet
789 3481 965 3553 argumentis,
980 3479 1110 3550 accipiant

187 3590 339 3627 averruraur
356 3592 554 3628 rusmrvuronas.
944 3575 957 3622 l
