2500 3890
458 182 474 216 n
494 183 512 216 ι)
530 181 690 218 ncommods
707 169 780 228 1v‚o.
1041 168 1101 232 175

210 321 352 376 Actionum
362 329 451 377 autem
463 321 592 394 quaedam
603 322 689 378 bonae
706 321 766 378 fidei
782 330 856 393 sunt,
871 323 999 395 quaedam
1014 326 1100 380 stricti
1118 321 1151 371 28

145 405 220 463 iuris.
257 403 343 460 honae
360 403 420 461 hdei
435 414 499 460 sunt
514 406 576 461 hae:
599 415 752 479 exempto,
774 406 898 479 vendito,
917 407 1021 478 locato,
1036 425 1100 464 con·

146 486 238 559 ducto,
247 491 420 562 negotiorum
433 498 581 562 gestorum,
595 490 722 559 mandati,
731 490 858 564 depositi,
868 508 917 564 pro
929 493 1014 564 socio,
1031 500 1101 548 tute·

144 569 197 640 iac,
220 572 393 641 commodati,
416 573 602 645 pigneraticia,
624 573 740 630 familiae
763 574 944 646 erciscundae,
967 576 1101 631 communi

144 654 309 726 dividundo,
331 658 505 729 praescriptis
521 656 624 728 verbis,
640 674 707 729 quae
723 657 756 712 de
771 659 912 713 aestimato
927 661 1100 732 proponitur,

144 747 171 794 et
186 755 232 809 ea,
254 755 322 811 quae
344 756 376 794 er
395 743 594 812 permutatione
613 743 757 814 competit,
779 749 806 796 et
821 741 976 797 hereditatis
992 744 1098 816 petitio.

144 824 263 893 quamvis
291 823 363 878 enim
383 839 470 894 usque
491 825 577 881 adhuc
597 825 729 880 incertum
748 833 822 893 erat,
844 825 899 880 sive
919 827 990 881 inter
1014 825 1100 882 bonae

143 903 205 962 fidei
220 907 318 962 iudicia
338 908 552 963 connumeranda
568 910 603 963 sit
622 910 677 964 sive
690 924 761 977 non,
782 916 874 963 nostra
895 917 984 964 tamen
999 912 1100 966 cousti-

143 984 233 1046 tutio¹
250 999 343 1064 aperte
358 1006 415 1045 earn
431 1006 490 1046 esse
506 990 590 1047 bonae
611 990 672 1048 iidei
693 992 836 1065 disposuit.
867 991 966 1047 Fuerat
980 1001 1057 1048 antea
1072 1002 1100 1049 et
1117 990 1150 1038 29

143 1076 181 1129 rei
196 1075 309 1129 uxoriae
330 1075 399 1130 actio
419 1091 452 1130 ex
466 1074 552 1130 honae
569 1074 631 1131 fidei
651 1076 769 1131 iudiciis:
789 1075 836 1131 sed
851 1092 928 1146 cum,
950 1076 1099 1148 pleniorem

142 1172 204 1214 esse
225 1174 257 1213 ex
278 1158 409 1231 stipulatu
431 1160 562 1214 actionem
582 1161 766 1230 invenientes,
789 1175 867 1215 omne
882 1161 939 1230 ius,
962 1160 1035 1231 quod
1055 1177 1100 1216 res

143 1243 238 1296 uxoria
260 1249 322 1297 autc
341 1241 469 1312 habebat,
492 1259 553 1298 cum
573 1243 664 1298 multis
685 1243 859 1299 divisionibus
881 1245 908 1299 in
923 1261 954 1299 ex
970 1243 1099 1317 stipulatu

141 1326 287 1394 actionem,
303 1342 371 1398 quae
384 1324 418 1382 de
428 1326 537 1382 dotibus
550 1326 689 1400 exigendis
700 1328 873 1400 proponitur,
889 1321 1099 1400 transtulimus,²

141 1411 240 1465 merito
256 1409 296 1464 rei
311 1410 419 1464 uxoriae
434 1411 539 1465 actione
560 1409 681 1480 sublata,
704 1427 736 1465 ex
752 1410 898 1483 stipulatu,
919 1428 987 1483 quae
1002 1428 1052 1484 pro
1068 1428 1099 1467 ea

141 1492 300 1549 introducta
318 1501 369 1563 est,
385 1502 504 1548 naturam
518 1493 604 1548 honae
619 1492 680 1549 fidei
696 1493 786 1548 iudicii
805 1502 906 1550 tantum
918 1496 946 1548 in
961 1496 1099 1550 exactione

141 1575 213 1632 dotis
235 1578 346 1647 meruit,
370 1585 400 1631 ut
421 1577 506 1632 bonae
528 1574 588 1631 fidei
609 1579 654 1632 sit.
692 1577 782 1631 sedet
804 1577 910 1633 tacitam
932 1579 956 1633 ei
977 1577 1098 1634 dedimus

141 1660 338 1735 hypothecam:
361 1660 492 1733 praeferri
512 1669 600 1716 autem
621 1661 682 1717 aliis
703 1659 881 1716 creditoribus
896 1661 924 1716 iu
938 1661 1097 1735 hypothecis

141 1751 207 1800 tunc
218 1743 384 1812 censuimus,
402 1761 462 1801 cum
474 1737 547 1817 ipsa³
558 1744 654 1800 mulier
665 1745 698 1800 de
711 1744 774 1800 dote
785 1761 833 1800 sua
845 1747 1007 1819 experiatur,
1022 1748 1097 1802 ouius

141 1827 228 1884 soiius
248 1827 415 1900 providentia
436 1829 488 1884 hoc
505 1829 666 1884 induximus.
695 1829 724 1884 ln
739 1829 824 1885 honae
840 1828 901 1885 fidei
918 1838 1007 1886 autem
1029 1832 1097 1886 iudi·
1116 1829 1148 1878 30

101 1968 108 1985 ,
141 1912 191 1967 ciis
212 1911 295 1966 libera
315 1919 436 1984 potestas
456 1914 575 1984 permitti
595 1913 701 1969 videtur
721 1912 801 1968 iudici
822 1931 853 1970 ex
875 1913 946 1968 hono
969 1921 997 1968 et
1011 1931 1097 1987 aequo

141 1994 316 2066 aestimaudi,
339 2004 468 2066 quantum
489 1997 573 2051 actori
593 1997 701 2052 restitui
720 1996 823 2057 debeat.
866 1998 966 2067 inquo
989 2006 1015 2052 et
1030 1997 1097 2052 iilud

140 2080 314 2148 continetur,
331 2088 371 2149 ut,
386 2080 410 2134 si
425 2079 488 2151 quid
503 2080 615 2134 invicem
629 2088 747 2134 actorem
763 2086 899 2152 praestare
914 2087 1048 2152 oporteat,
1064 2097 1096 2136 eo

142 2172 337 2236 compensato,
353 2163 380 2216 iu
394 2162 528 2236 reliquum
543 2163 583 2233 is,
598 2179 657 2218 cum
674 2178 728 2235 quo
744 2171 832 2218 actum
848 2171 903 2235 est,
925 2162 1096 2220 condemnari

141 2245 247 2305 debeat.
279 2245 325 2300 sed
339 2255 366 2302 et
382 2248 409 2301 in
421 2248 523 2302 strictis
534 2246 637 2303 iudiciis
657 2263 688 2300 ex
701 2247 832 2318 rescripto
850 2245 902 2301 divi
917 2245 996 2303 Marci
1012 2263 1096 2320 oppo-

141 2331 192 2384 sita
209 2330 264 2385 doli
281 2327 343 2385 mali
359 2331 517 2404 exceptione
531 2331 714 2404 compensatio
726 2329 911 2386 inducebatur.
942 2331 989 2386 sed
1005 2341 1097 2388 nostra

139 2406 324 2469 constitutio⁴
344 2429 389 2468 eas
409 2417 659 2487 compensationes,
681 2429 748 2485 quae
768 2415 828 2469 iure
849 2422 943 2487 aperto
964 2416 1095 2483 nituntur,

140 2497 223 2552 iatius
246 2496 410 2566 introduxit,
435 2505 465 2552 ut
484 2499 603 2553 actiones
623 2499 683 2571 ipso
704 2498 762 2553 iure
783 2499 905 2554 minuant
927 2500 1024 2556 sivein
1040 2517 1095 2557 rem

140 2582 198 2636 sive
219 2581 375 2654 personales
396 2583 451 2637 sive
472 2580 535 2636 alias
558 2597 754 2654 quascumque,
777 2592 886 2656 excepta
907 2583 963 2638 sola
980 2584 1096 2656 depositi

211 2823 231 2891 1)
251 2828 282 2881 L.
302 2829 341 2878 12.
360 2828 385 2888 ξ.
404 2830 428 2877 3.
447 2827 473 2880 0.
492 2829 524 2877 de
542 2829 629 2878 hored.
641 2835 701 2908 pet.
721 2825 761 2890 (3,
779 2828 833 2892 31).
917 2827 937 2890 ¹)
956 2828 988 2878 L.
1007 2845 1048 2878 naa.
1067 2830 1095 2880 0.

140 2896 173 2944 de
189 2897 231 2944 rei
247 2910 321 2944 uxor.
341 2901 390 2944 act.
411 2893 523 2972 (5,,13).
592 2894 613 2956 ³)
632 2894 721 2959 ηνίκα
739 2893 872 2971 florituras
890 2887 908 2960 ἡ
928 2888 1000 2959 γυνὴ
1020 2888 1094 2947 αὐτὰ

140 2954 177 3011 τὰ
205 2953 384 3012 ἔπιδοθέντα
411 2977 451 3012 on
492 2952 581 3025 αὐτῆς
608 2957 680 3028 λόγῳ
707 2977 824 3026 noctuae
851 2956 1008 3026 ἀναλαβεῖν
1035 2966 1094 3014 acci.

66 3054 68 3058 ·
143 3029 270 3092 Theoph,
290 3031 333 3094 qui
350 3028 428 3078 cuius
445 3045 495 3079 aon
512 3031 548 3078 ad
564 3028 670 3090 mulier,
692 3031 740 3080 scd
755 3032 790 3078 od
807 3029 839 3078 de
856 3029 917 3079 dote
935 3045 985 3080 sua
1003 3031 1094 3094 (oppo-

140 3097 191 3146 sita
212 3098 309 3146 seilicet
331 3101 381 3144 tam
403 3097 443 3145 hic
464 3112 538 3160 quam
559 3103 635 3146 antea
658 3099 693 3145 ad
713 3099 758 3146 atta
781 3101 886 3146 tantum
906 3097 936 3146 in
953 3098 1095 3148 exactior&

140 3163 213 3213 dotis
229 3172 340 3227 propter
357 3165 459 3226 nuptiae
477 3163 623 3224 donatione)
641 3171 711 3214 recte
728 3165 822 3213 retulit.
842 3165 876 3228 cf.
896 3164 928 3213 L.
946 3181 986 3214 on.
1005 3164 1033 3217 0.
1052 3168 1094 3220 cit.

140 3230 163 3290 §-
184 3232 224 3280 15.
247 3231 279 3280 L.
299 3231 339 3282 12.
363 3231 401 3290 ἐξ.
419 3232 443 3278 2.
464 3233 488 3280 3.
508 3230 534 3278 0.
559 3232 601 3295 qui
620 3235 674 3294 poi.
699 3230 738 3294 (8,
761 3227 810 3294 18).
845 3233 887 3280 An
912 3233 989 3296 ipitur
1010 3234 1094 3296 tepen-

140 3298 210 3346 dum:
230 3313 290 3346 cum
303 3296 398 3347 mulier
415 3296 448 3346 de
466 3296 529 3359 ipsa
541 3297 602 3346 dote
613 3299 678 3346 sna?
694 3300 742 3348 sed
751 3315 773 3348 u.
786 3300 847 3362 ipsa
859 3300 933 3350 etiam
943 3305 1094 3363 praeposita

140 3380 193 3414 cum
217 3364 249 3413 de
271 3365 334 3414 dote
358 3379 407 3414 sua
431 3365 547 3429 coniunpa'
564 3372 589 3414 et
603 3372 691 3428 potest
708 3373 732 3415 et
750 3365 831 3416 dedet.
917 3362 939 3430 ⁴)
960 3367 988 3417 [a.
1007 3368 1047 3421 14.
1067 3368 1094 3418 0.

140 3433 171 3482 de
189 3447 315 3497 compens.
337 3431 372 3495 (4,
391 3429 442 3495 31).
