2500 3890
1036 55 1054 86 ᾗ.

159 185 219 247 156
260 201 296 234 nn
309 197 631 245 consummandorum
644 197 680 231 nx
691 195 805 230 nnnroro
818 193 981 230 nescnnrua
992 181 1039 243 IV,
1055 182 1079 232 1.

158 356 288 414 quaerere
303 338 418 395 testibus
429 337 617 411 praesentibus
628 337 762 393 volentem
774 335 952 410 prohibuerit.
974 343 1120 408 praeterea

156 440 243 497 poena
257 423 432 479 constituitur
447 421 534 477 edicto
550 422 684 495 praetoris
705 421 900 494 peractionem
917 419 981 474 furti
996 435 1051 475 non
1067 435 1118 474 ex-

157 505 236 562 hibiti
258 507 385 562 adversus
406 521 482 575 eum,
504 507 550 579 qui
569 505 694 561 furtivam
715 521 772 560 rem
794 503 864 578 apud
878 519 908 558 se
923 504 1068 574 quaesitam
1087 511 1117 560 et

157 593 291 646 inventam
313 607 368 645 non
389 589 518 644 exhibuit.
550 588 597 644 sed
620 590 670 644 bae
685 589 819 658 actiones,
844 587 871 642 id
886 595 929 642 est
944 588 1069 658 concepti
1087 596 1117 643 et

157 674 239 729 oblati
254 684 280 730 et
300 673 365 728 furti
380 671 508 746 prohibiti
522 689 573 729 neo
586 689 640 728 non
658 672 723 727 furti
734 689 788 726 non
804 670 925 743 exhibiti,
941 671 968 725 in
983 669 1116 726 desuetu-

156 757 245 813 dinem
261 757 392 814 abierunt.
421 773 481 812 oum
497 758 566 812 enim
581 757 722 831 requisitio
736 757 776 811 roi
792 748 904 810 furtivae
920 753 1000 809 bodie
1015 770 1115 810 secuu-

155 839 219 896 dum
240 850 357 897 veterem
379 841 591 896 observationem
611 856 667 895 non
688 837 731 894 tit:
751 841 849 895 merito
871 854 903 894 ex
918 840 1115 910 consequentia

156 926 235 980 etiam
250 924 384 999 praefatae
396 925 515 982 actiones
531 922 562 978 ab
578 939 628 978 usu
639 925 774 979 communi
788 931 967 990 recesserunt,
981 938 1042 977 cum
1057 939 1115 976 ma·

156 1007 360 1065 nifestissimum
371 1016 423 1080 est,
431 1008 502 1080 quod
515 1023 619 1078 omneS,
629 1008 675 1080 qui
687 1008 803 1062 scientes
815 1023 870 1062 rem
883 1005 1008 1061 furtivam
1018 1022 1114 1062 susce·

122 1097 137 1146 5
155 1096 245 1165 perint
266 1100 293 1148 et
314 1092 473 1162 celaverint,
494 1090 559 1146 furti
578 1107 629 1146 nee
647 1091 778 1146 manifesti
794 1090 903 1147 obnoxii
917 1098 989 1145 sunt.
1020 1089 1115 1146 Poena

155 1176 289 1232 manifesti
308 1175 373 1231 furti
395 1174 535 1248 quadrupli
556 1183 597 1230 est
619 1184 671 1230 tam
692 1191 723 1230 ex
750 1176 820 1230 servi
841 1191 957 1248 persona
978 1189 1056 1245 quam
1079 1190 1115 1230 en

156 1258 245 1329 liberi,
261 1276 312 1315 neo
326 1257 460 1314 manifesti
474 1257 560 1331 dupli.

120 1348 136 1396 6
219 1337 348 1398 ¹l'nrtum
360 1350 448 1397 autem
462 1340 492 1397 fit
502 1358 557 1398 non
569 1341 666 1412 solum,
682 1357 741 1397 eum
753 1342 813 1414 quis
828 1340 1013 1414 intercipiendi
1027 1357 1114 1397 causa

153 1443 210 1483 rem
231 1426 343 1482 alienam
362 1434 485 1496 amovet,
505 1426 553 1481 sed
573 1424 734 1499 generaliter
753 1441 815 1481 cum
835 1426 894 1497 quis
916 1425 1027 1480 alienam
1051 1441 1112 1480 rem

152 1511 237 1566 invito
253 1511 361 1566 domino
376 1517 537 1566 contrectat.
565 1510 655 1582 itaque
670 1509 725 1564 sive
740 1508 858 1565 creditor
873 1509 988 1582 pignore
1003 1510 1057 1564 sive
1073 1510 1111 1581 is,

153 1595 225 1667 apud
240 1611 318 1668 quem
330 1611 374 1649 res
386 1593 508 1666 deposita
519 1601 571 1664 est,
587 1609 616 1648 ea
631 1609 661 1648 re
676 1601 768 1648 utatur
782 1593 837 1648 sive
852 1593 886 1662 is,
902 1593 948 1665 qui
963 1607 1018 1647 rem
1031 1600 1113 1648 uten-

153 1678 213 1734 dam
228 1680 344 1751 accepit,
359 1680 387 1732 in
402 1677 482 1732 alium
498 1694 576 1732 usum
588 1692 646 1732 eam
661 1675 819 1745 transferat,
836 1692 915 1749 quam
930 1678 1006 1731 cuius
1023 1678 1113 1748 gratia

154 1762 177 1816 ei
188 1761 248 1816 data
260 1770 315 1832 est,
331 1760 433 1815 furtum
442 1761 594 1815 committit.
624 1759 708 1815 veluti
719 1762 742 1814 si
753 1761 813 1831 quis
826 1768 967 1832 argentum
979 1759 1112 1815 utendum

154 1845 288 1917 acceperit
303 1845 378 1916 quasi
400 1844 501 1899 amicos
522 1843 555 1899 ad
570 1859 660 1898 cenam
677 1843 836 1898 invitaturus
851 1852 879 1912 et
893 1843 920 1898 id
935 1859 1049 1917 peregre
1066 1861 1111 1900 se·

153 1943 213 1983 cum
234 1927 341 1999 tulerit,
364 1935 409 1982 aut
430 1929 454 1982 si
473 1929 534 2000 quis
554 1943 653 1999 equum
674 1926 796 2000 gestandi
816 1943 896 1982 causa
910 1926 1112 1984 commodatum

153 2011 203 2066 sibi
224 2011 333 2085 longius
355 2011 444 2084 aliquo
466 2010 587 2080 duxerit,
610 2011 682 2083 quod
702 2018 806 2066 veteres
826 2012 992 2083 seripserunt
1015 2010 1048 2066 de
1064 2028 1113 2083 eo,

119 2104 134 2152 *l
154 2097 199 2169 qui
214 2097 241 2152 in
253 2097 334 2152 aciem
347 2111 446 2169 equum
457 2094 637 2168 perduxisset.
665 2094 768 2150 Placuit
779 2102 876 2165 tamen,
892 2110 950 2165 eos,
965 2095 1011 2166 qui
1025 2094 1112 2152 rebus

153 2179 329 2236 commodatis
345 2180 423 2235 aliter
437 2188 589 2249 uterentur,
604 2194 682 2251 quam
693 2177 807 2234 utendas
823 2179 986 2252 acceperint,
1002 2179 1037 2234 ita
1052 2177 1113 2234 iur-

153 2272 211 2320 tum
223 2265 403 2334 committere,
418 2265 440 2325 si
456 2279 485 2318 se
500 2262 659 2335 intellegant
669 2261 696 2317 id
711 2264 793 2318 invito
809 2262 917 2318 domino
932 2261 1020 2318 facere
1034 2278 1113 2318 eum·

153 2364 217 2420 que,
232 2349 254 2402 si
270 2347 458 2417 intellexisset,
473 2363 528 2402 non
539 2347 743 2420 permissurum,
759 2363 790 2402 ae
804 2348 827 2401 si
841 2348 1034 2419 permissurum
1049 2363 1112 2403 ere·

152 2430 233 2501 dant,
252 2440 326 2486 entra
341 2431 442 2486 crimen
456 2429 554 2485 videri:
575 2431 675 2503 optima
690 2446 752 2485 sane
767 2429 957 2498 distinctione,
972 2431 1034 2502 quia
1048 2429 1110 2486 fur·

118 2521 210 2570 titum
229 2515 288 2570 sine
308 2513 405 2569 affectu
427 2513 531 2568 furandi
552 2528 607 2568 non
629 2515 812 2571 committitur.
857 2513 909 2570 Sed
931 2523 959 2568 et
977 2515 1000 2568 si
1015 2515 1113 2572 credat

153 2596 265 2671 aliquis,
288 2599 370 2652 invito
392 2596 501 2652 domino
523 2613 553 2652 se
575 2613 631 2652 rem
653 2597 846 2654 commodatam
862 2597 913 2653 sibi
927 2606 1112 2672 contrectare,

153 2679 262 2737 domino
278 2690 366 2737 autem
381 2681 490 2736 volente
508 2681 535 2737 id
551 2679 612 2752 fiat,
632 2681 729 2737 dicitur
743 2680 846 2736 furtum
862 2698 916 2737 non
932 2680 998 2736 fieri.
1036 2683 1112 2740 unde

151 2763 217 2820 illud
235 2765 385 2838 quaesitum
402 2773 453 2834 est,
468 2781 528 2820 eum
540 2765 625 2820 Titius
641 2781 747 2820 servum
760 2763 853 2821 Maeuii
868 2765 1061 2834 sollicitaverit,
1079 2776 1112 2823 ut

152 2849 278 2920 quasdam
294 2866 337 2904 res
353 2848 462 2904 domino
477 2848 628 2922 subriperet
644 2857 671 2904 et
686 2849 789 2904 adeum
806 2849 955 2922 perferret,
972 2857 1000 2904 et
1013 2866 1111 2906 servus

152 2933 226 2988 idad
247 2933 374 2988 Maeuium
394 2932 552 3006 pertulerit,
573 2932 703 3004 Maevius,
724 2932 786 2987 dum
807 2932 864 2988 vult
879 2932 978 2988 'fitium
998 2933 1026 2988 in
1046 2934 1111 3006 ipso

152 3017 250 3073 delicto
266 3017 477 3090 deprehendere,
493 3017 615 3089 permisit
626 3033 703 3072 servo
720 3015 847 3089 quasdam
863 3033 905 3072 res
921 3015 953 3071 ad
970 3032 1032 3072 eum
1046 3033 1112 3090 per·

154 3099 236 3170 ferre,
253 3108 343 3156 utrum
359 3099 424 3155 furti
440 3116 473 3154 an
489 3101 557 3154 servi
574 3101 694 3173 corrupti
710 3099 808 3156 iudicio
825 3107 948 3156 teneatur
962 3099 1058 3172 Titius,
1076 3119 1112 3158 an

151 3184 267 3239 neutro?
291 3193 318 3239 et
334 3201 394 3240 cum
416 3183 493 3239 nobis
509 3199 590 3256 super
605 3184 654 3239 hac
668 3182 834 3240 dubitatione
848 3192 1009 3258 suggestum
1024 3192 1068 3240 est
1083 3196 1113 3243 et

150 3337 353 3346 -..-.-.-.

220 3442 241 3510 ¹)
259 3446 299 3506 §5-
315 3447 349 3498 6.
364 3481 389 3496 ..
405 3448 434 3496 11
453 3447 511 3507 fere
523 3468 556 3489 =
570 3448 624 3498 Gai.
638 3451 662 3506 3,
677 3449 725 3498 195
737 3483 744 3498 .
758 3483 765 3498 .
779 3485 786 3498 .
800 3450 858 3499 200.
871 3451 928 3506 202,
943 3451 1039 3512 partina
1050 3459 1111 3501 mut.
