2492 3896
328 193 428 238 oureus
445 191 579 230 amussis
596 192 675 228 mcum
691 193 744 228 vsu
762 193 817 229 arcu
829 179 866 242 Il,
880 181 904 230 8.
1057 174 1100 239 55

144 351 204 393 cum
220 333 305 405 Titio,
324 334 398 390 solus
413 333 563 390 libertatem
584 336 608 390 ei
628 335 757 406 imposuit
770 333 811 390 vel
827 332 943 389 vindicta
958 330 1001 389 rel
1014 339 1098 388 testa·
1183 387 1187 414 :

144 426 252 490 mento,
275 435 307 474 ec
329 435 394 474 casu
415 435 476 492 pars
499 419 556 474 eius
578 416 749 474 emittebatur
771 425 798 474 et
820 417 894 473 socio
917 415 1097 473 adcrescebat.

143 502 192 560 sed
212 519 272 559 cum
292 503 437 575 pessimum
458 501 546 558 iuerat
567 493 718 574 esemplc,¹
734 510 761 557 et
781 499 904 557 libertate
924 516 1029 557 servum
1051 499 1098 555 de·
1184 499 1187 505 '

144 586 261 643 fraudari
282 593 309 642 et
329 601 361 642 cr
382 600 412 641 ea
429 584 630 641 humanioribus
654 584 761 657 quidem
780 584 894 640 dominis
910 583 1035 640 damnum
1058 583 1099 637 in·

144 670 220 742 ferri,
234 668 411 726 severioribus
427 678 516 725 autem
531 669 634 725 lucrum
645 668 810 724 adcrescere:
827 668 880 723 hcc
895 668 972 741 quasi
986 666 1099 723 invidiae

143 755 252 827 plenum
267 753 312 828 pio
327 753 445 809 remedio
465 769 514 826 per
528 760 647 808 nostram
668 745 909 808 constitutionem²
930 749 1031 806 mederi
1053 767 1099 806 ue·

143 839 289 894 cessarium
304 835 427 892 duximus
443 845 470 892 et
484 837 632 893 invenimus
646 837 731 907 viam,
752 852 801 908 per
816 851 894 908 quam
912 843 939 890 et
953 834 1099 890 manumis·
1178 851 1183 890 ‘i

144 937 191 977 scr
205 927 233 977 et
248 922 337 977 socius
357 921 415 976 eius
436 923 530 992 etqui
550 919 702 976 libertatem
716 921 835 992 aceepit,
857 926 952 974 nostro
974 917 1100 973 fruantur

143 1001 292 1074 beneflcio,
320 1002 441 1060 libertate
463 1021 523 1061 cum
546 1003 643 1060 eii'ectu
661 1003 825 1076 procedente
848 998 938 1079 (culus
959 1000 1050 1056 favore
1072 1007 1100 1056 et

145 1089 273 1162 antiquos
294 1086 461 1161 legislatores
480 1089 564 1144 multa
585 1096 613 1144 et
633 1096 725 1144 contra
745 1102 901 1143 communes
915 1083 1025 1160 regulas
1046 1092 1101 1139 sta·
1177 1131 1179 1140 .

144 1173 229 1229 tuisse
251 1170 494 1228 manifestissimum
516 1168 569 1246 est)
592 1178 620 1227 et
642 1187 689 1240 eo,
721 1173 767 1244 qui
790 1186 847 1226 eam
869 1169 1014 1242 imposuit,
1036 1182 1100 1223 suae

144 1254 312 1312 liberalitatis
332 1254 477 1311 stabilitate
497 1255 633 1328 gaudente
653 1262 681 1310 et
702 1256 776 1310 socio
801 1253 920 1309 indemni
941 1258 1100 1308 conservato

145 1341 316 1413 pretiumque
330 1339 400 1393 servi
414 1337 560 1394 secundum
574 1345 677 1412 partem
693 1337 813 1408 dominii,
829 1337 902 1410 quod
917 1352 967 1392 ncs
982 1333 1101 1392 delinivi·

146 1437 222 1494 mus,
237 1422 395 1495 accipiente.

555 1632 612 1673 TI'I'.
626 1631 693 1672 VIII.

297 1717 429 1780 QUIBUS
446 1716 631 1770 ALIENARE
650 1715 759 1767 ulcus
775 1717 848 1768 VEL
865 1715 949 1772 NON.

209 1833 327 1896 ³Accidit
342 1838 499 1912 aliquando,
519 1847 550 1895 ut
565 1841 610 1913 qui
626 1839 749 1896 dominus
765 1840 816 1911 sit,
837 1838 952 1896 alienare
966 1853 1022 1894 nou
1037 1854 1101 1912 pos·
1114 1855 1149 1897 er.

146 1925 182 1980 sit
202 1932 229 1979 et
248 1931 342 1980 contra
362 1925 407 1996 qui
427 1923 550 1980 dominus
572 1924 693 1995 nonsit,
716 1922 869 1979 alienandae
883 1923 922 1978 rei
937 1930 1100 1996 potestatem

145 2006 249 2063 babeat.
280 2023 340 2062 nam
352 2006 441 2062 dotale
452 2006 589 2080 praedium
602 2007 712 2061 maritus
726 2008 808 2063 invita
822 2005 934 2062 muliere
949 2021 998 2078 per
1012 2004 1100 2078 legem

146 2089 238 2146 luliam
252 2088 411 2163 prohibetur
426 2089 557 2160 alienare,
580 2091 699 2162 quamvis
719 2091 803 2162 ipsius
823 2092 875 2158 sit,
895 2088 967 2143 dctis
982 2103 1062 2144 causa
1077 2089 1100 2142 ei

147 2174 249 2229 datum.
278 2171 351 2245 quod
366 2189 431 2248 nos,
446 2172 535 2246 legem
550 2172 642 2228 luliam
657 2174 834 2246 corrigentes,
850 2173 878 2226 in
893 2169 1030 2228 meliorem
1045 2178 1099 2229 sta·

146 2267 205 2312 tum
226 2248 414 2312 deduximus.4
450 2249 510 2312 cu'm
531 2257 603 2311 enim
624 2255 665 2312 lex
686 2257 715 2310 in
736 2255 788 2311 soli
807 2253 994 2311 tantummodo
1019 2254 1100 2311 rebus

146 2341 236 2397 locum
251 2337 378 2412 habebat,
393 2356 461 2413 quae
474 2339 578 2395 italicae
590 2339 713 2410 fuerant,
728 2346 756 2395 et
770 2339 943 2395 alienationes
953 2337 1100 2411 inhibebat,

148 2439 216 2497 quae
238 2424 319 2478 inrita
340 2423 452 2480 muliere
475 2421 588 2494 fiebant,
609 2422 775 2496 hypothecas
796 2430 885 2479 autem
908 2438 999 2478 earum
1021 2425 1101 2480 etiam

146 2507 268 2563 volente:
289 2507 412 2580 utrisque
426 2506 573 2564 remedium
591 2507 785 2580 imposuimus,
806 2514 836 2562 ut
851 2509 930 2563 etiam
944 2508 972 2563 iu
987 2523 1031 2562 eas
1046 2524 1100 2577 res,

147 2607 216 2664 quae
235 2592 264 2645 in
283 2590 439 2663 provinciali
453 2591 513 2647 solo
534 2592 638 2664 positae
657 2598 737 2663 sunt,
757 2591 899 2647 interdicta
913 2588 961 2647 fiat
975 2591 1100 2647 alienatio

147 2674 189 2730 rel
202 2672 333 2748 obligatio
348 2682 376 2729 ct
389 2683 514 2730 neutrum
529 2691 622 2730 eorum
635 2689 722 2747 neque
737 2672 966 2731 consentientibus
981 2673 1106 2729 mulieri··

146 2758 198 2815 hus
218 2757 360 2830 procedat,
381 2774 415 2813 ue
435 2773 515 2813 sexus
532 2757 670 2814 muliebris
690 2757 821 2831 fragilitas
835 2760 864 2813 in
877 2758 1022 2830 perniciem
1037 2754 1100 2812 sub·

148 2843 261 2900 stantiae
276 2857 366 2897 earum
382 2847 594 2898 converteretur.
631 2835 749 2898 ⁵Gcntra
764 2849 853 2897 autem
869 2840 987 2896 creditor
1001 2841 1101 2913 pignus
1119 2837 1133 2885 l

147 2942 180 2983 ex
193 2926 333 3000 pactione,
349 2926 468 2998 quamvis
483 2925 540 2980 eius
555 2941 585 2980 ca
600 2941 646 2982 res
661 2941 716 2981 non
730 2926 782 2996 sit,
796 2922 911 2980 alienare
924 2929 1025 2997 potest.
1053 2922 1102 2978 sed

150 3071 350 3082 —.—--

216 3170 234 3233 ¹)
252 3174 289 3222 sic
306 3174 347 3225 ed.
367 3170 440 3222 Scor.
459 3186 494 3221 em
512 3171 658 3236 quibusdum
680 3172 756 3221 codd.
780 3186 826 3220 nec
842 3171 919 3220 incito
939 3169 1102 3234 Pheopites.

147 3240 181 3289 L,
198 3241 240 3292 45.
258 3256 298 3304 pr.
318 3240 352 3294 D.
369 3241 401 3289 de
418 3241 467 3304 leg.
479 3240 504 3289 2.
522 3239 639 3302 pessimo
656 3237 744 3288 fueret
761 3237 882 3303 exemplo
900 3253 935 3288 eac
952 3239 1009 3288 aliis
1026 3237 1101 3288 codd.

147 3307 189 3356 ed.
201 3305 251 3360 Kr,
331 3304 352 3370 ²)
365 3306 397 3356 L.
412 3308 434 3360 1.
449 3305 475 3358 C.
488 3306 521 3355 de
533 3321 617 3358 comm.
629 3321 701 3356 servo
714 3303 753 3368 (7,
768 3302 801 3369 7).
897 3301 918 3370 ⁸)
931 3305 986 3355 init.
1046 3304 1102 3364 Oui.

147 3375 174 3436 2,
192 3373 232 3426 62.
251 3373 283 3424 63
300 3381 358 3425 mut.
441 3370 463 3437 ⁴)
481 3373 513 3423 L.
532 3374 554 3426 1,
572 3374 595 3434 §-
616 3373 656 3426 15.
675 3371 702 3422 0.
721 3374 811 3422 derel
826 3386 902 3426 umor.
919 3378 970 3426 act.
989 3369 1029 3436 (b,
1050 3369 1102 3434 13).

147 3437 170 3506 ⁸)
186 3441 241 3490 init.
259 3460 293 3482 =
312 3441 366 3491 Gai.
385 3441 410 3504 2,
428 3441 462 3490 64
478 3446 536 3492 mut.
