2492 3896
180 224 217 258 nn
227 223 271 272 no,
284 222 331 258 cnr
344 223 452 261 emper.
466 220 555 258 crues
565 219 636 257 nous
647 220 824 257 enurcuurun
836 207 886 268 ΙΙΙ,
900 209 930 258 11
944 205 1008 271 (12).
1040 204 1101 268 125

148 379 226 434 quam
247 369 278 417 ut
299 363 378 416 etiam
400 362 447 433 qui
467 360 570 416 directo
591 358 740 415 libertatem
760 369 934 434 acceperunt,
958 363 996 417 tui
1011 360 1100 418 liberti

147 444 227 514 fiant3
250 461 310 500 nam
330 445 393 500 huic
413 445 492 501 etiam
515 443 645 499 voluntati
661 451 738 514 tuae,
758 445 782 500 si
797 445 829 515 ii,
850 444 883 498 de
898 461 1012 517 quorum
1027 453 1100 500 statu

146 531 253 603 agitur,
268 529 453 597 consentiant,
468 528 654 582 auctoritatem
670 535 789 582 nostram
805 528 1046 587 accommodamus.
1072 537 1100 584 et

146 629 180 668 nc
201 613 280 667 huius
298 612 484 684 rescriptionis
505 618 612 666 nostrae
633 609 842 666 emolumentum
857 611 906 666 alla
921 613 1024 668 ratione
1038 613 1099 667 irri-

147 707 203 753 tum
219 695 280 768 liat,
303 697 326 751 si
341 693 422 750 liscus
436 694 507 750 bona
528 710 674 768 agnoscere
695 694 826 767 voluerit,
850 696 934 764 ethi,
958 697 1003 768 qui
1018 695 1098 751 rebus

147 781 247 836 nostris
267 778 426 851 attendunt,
446 779 547 847 scient,
569 777 709 833 commodo
730 779 883 850 pecuniario
898 779 1098 850 praeferendam

146 863 277 919 libertatis
293 878 398 918 causam
414 869 441 917 et
455 863 493 918 ita
507 859 576 916 bona
592 861 723 934 cogenda,
739 869 770 915 ut
784 860 893 916 libertas
909 862 949 916 lris
966 862 1037 917 salva
1052 865 1098 933 sit,

148 949 194 1020 qui
212 963 269 1002 eam
291 946 402 1019 adipisci
423 953 586 1019 potuerunt,
607 946 631 999 si
651 945 785 1000 hereditas
806 961 839 1000 er
853 951 1013 1000 testamento
1029 946 1098 1002 adita

137 1027 241 1086 esset?
271 1029 330 1085 Hoc
348 1029 480 1102 rescripte
502 1027 661 1085 subventum
681 1037 723 1083 est
738 1037 765 1084 et
779 1026 945 1083 libertatibus
960 1036 987 1084 et
1002 1027 1097 1083 deiun—
1116 1027 1131 1074 2

148 1117 210 1184 ctis,
233 1131 268 1170 ne
287 1112 358 1168 bona
379 1129 503 1169 eoruma
523 1111 700 1168 creditoribus
720 1111 906 1185 possideantur
927 1119 954 1167 et
974 1120 1098 1169 veneant.

148 1206 221 1256 certe
243 1199 266 1252 si
288 1196 388 1252 inerint
410 1213 441 1251 en
463 1197 511 1251 bac
533 1211 612 1250 causa
626 1193 695 1250 bona
717 1196 834 1266 addicta,
856 1205 943 1252 cessat
965 1195 1097 1251 bonorum

146 1283 281 1348 venditio;
303 1282 391 1335 extitit
407 1281 478 1335 enirn
498 1278 618 1334 defuncti
639 1278 780 1348 defensor,
802 1281 950 1351 etquidem
973 1279 1097 1350 idoneus,

147 1367 193 1440 qui
208 1365 241 1420 de
256 1363 345 1420 solido
359 1361 537 1419 creditoribus
552 1369 635 1420 cavet.
665 1362 787 1435 Inprimis
806 1363 860 1419 hoe
880 1365 1041 1435 rescriptum
1056 1373 1098 1419 to·
1116 1367 1131 1414 3

146 1451 216 1505 tiens
232 1449 322 1504 locum
337 1445 429 1516 habet,
455 1448 580 1518 quotiens
601 1453 763 1501 testamento
784 1445 920 1500 libertates
935 1446 1010 1501 datae
1026 1457 1098 1503 sunt.

148 1532 210 1607 quid
225 1548 303 1605 ergo,
321 1523 361 1584 ¹si
377 1531 436 1604 quis
450 1532 593 1585 intestatus
608 1528 740 1584 decedens
754 1528 885 1586 codicillis
900 1528 1037 1584 libertates
1053 1530 1099 1585 de-

147 1616 215 1673 derit
224 1631 314 1688 neque
328 1614 398 1669 adita
407 1615 442 1669 sit
457 1612 487 1668 ab
501 1615 629 1669 intestato
639 1612 791 1668 hereditas?
811 1613 888 1669 lavor
897 1615 1098 1670 constitutionis

147 1699 225 1756 debet
240 1699 329 1755 locum
345 1697 452 1753 habere.
480 1705 552 1752 certe
567 1698 590 1752 si
604 1704 719 1751 testatus
740 1697 851 1753 decedat
866 1705 893 1752 et
907 1696 1037 1753 codicillis
1052 1697 1097 1754 de·

148 1784 216 1839 derit
235 1781 401 1853 libertatern,
423 1787 575 1854 competere
596 1797 668 1852 eam,
691 1782 789 1836 nemini
804 1780 913 1837 dubium
929 1791 979 1837 est.
1023 1781 1098 1837 Tunc
1114 1786 1131 1832 4

147 1867 333 1923 constitutioni
347 1864 437 1920 locum
452 1881 528 1936 esse,
543 1864 622 1919 rerba
638 1865 800 1934 ostendunt,
821 1883 880 1922 cum
896 1882 975 1921 nemo
990 1882 1098 1922 succes-

147 1968 192 2007 sor
211 1950 244 2006 ab
264 1950 391 2004 intestato
412 1950 517 2004 existat.
549 1941 635 2020 ²ergo
651 1948 776 2020 quamdiu
790 1950 921 2005 incertum
937 1951 986 2019 sit,
1008 1959 1097 2004 utrum

149 2036 378 2102 tristatarum,
401 2030 514 2088 cessabit
533 2033 706 2087 constitutio:
727 2033 750 2086 si
764 2040 867 2088 certum
888 2048 947 2087 esse
967 2034 1097 2105 coeperit,

149 2119 280 2174 neminem
302 2124 406 2186 extare,
429 2124 493 2172 tunc
513 2116 563 2170 erit
583 2116 769 2170 constitutioni
784 2115 870 2170 locus.
907 2113 934 2170 Si
948 2117 987 2187 is,
1010 2117 1097 2189 quiin
1115 2119 1130 2166 5

148 2204 282 2276 integrum
296 2201 403 2254 restitui
418 2206 525 2272 potest,
542 2197 668 2254 abstinuit
683 2214 712 2254 se
726 2196 757 2253 ab
772 2198 930 2269 hereditate,
946 2215 990 2270 an,
1007 2215 1097 2270 quam·

148 2287 184 2340 vis
199 2288 293 2358 potest
312 2283 340 2338 in
359 2283 493 2356 integrum
508 2283 627 2354 restitui,
648 2289 740 2355 potest
760 2282 863 2338 admitti
878 2283 1055 2338 constitutio?
1071 2292 1098 2339 et

148 2367 226 2426 debet
241 2367 355 2422 addictio
370 2365 502 2421 bonorum
517 2358 601 2421 fieri⁸
630 2365 692 2437 quid
707 2382 791 2440 ergo,
806 2367 829 2421 si
843 2374 906 2440 post
920 2365 1096 2423 addictionem

148 2452 301 2508 libertatum
315 2449 554 2506 conservandarum
570 2466 649 2506 causa
665 2449 761 2506 iactam
775 2451 801 2504 iu
817 2453 953 2524 integrum
968 2452 1005 2507 sit
1018 2453 1098 2508 resti·

149 2537 241 2592 tutusi
256 2535 350 2606 utique
360 2550 416 2588 non
425 2534 476 2588 erit
487 2533 627 2589 dicendum
639 2535 758 2590 revocari
770 2533 917 2606 libertates,
933 2552 1000 2608 quae
1015 2535 1097 2590 semel

148 2619 353 2694 competierunt.
395 2615 466 2673 Haec
487 2614 645 2673 constitutio
666 2617 818 2674 libertatum
838 2619 997 2674 tuendarum
1018 2634 1097 2674 causa
1114 2621 1130 2669 6

148 2799 201 2848 uisi
223 2795 308 2862 (quam
328 2803 410 2846 tamea
427 2795 453 2845 B
470 2799 520 2846 olio
543 2799 598 2847 loco
619 2795 739 2851 seroociti
763 2799 836 2861 quasi
857 2812 910 2846 cum
930 2803 1050 2860 sequente
1073 2797 1097 2845 si

148 2881 201 2916 non
226 2866 292 2914 idem
316 2867 423 2914 calente
445 2865 513 2928 quod
533 2865 588 2913 clii
600 2860 684 2929 (Scies
707 2861 853 2926 Mommsen)
876 2865 992 2912 medendi
1019 2878 1097 2913 causa

146 2937 348 3007 proposuerant,
371 2931 491 2980 delendos
511 2938 601 2994 postea
619 2947 714 2982 essea
708 2945 813 3010 quem
830 2934 874 2990 ui,
897 2929 1032 3010 Theophila
1050 2931 1097 2980 cd-

148 3006 264 3050 aersaiur
285 2987 382 3063 (οὐχ
367 2992 509 3062 ετέρως..
523 2993 571 3048 ,εἰ
587 2989 668 3062 μή..
681 3011 768 3048 ,ωστε
785 2993 876 3047 καὶ..
892 2997 910 3060 .)
937 2999 980 3062 qui
1006 3005 1097 3047 contra

148 3079 238 3118 mecm
252 3066 329 3129 lacit,
348 3071 423 3114 totum
440 3065 487 3114 boc
503 3067 695 3114 additamentum
713 3065 870 3129 exceptionis
887 3065 958 3114 modo
976 3065 1097 3126 inserens

215 3131 424 3196 ¹)...habere
440 3132 497 3194 fere
514 3152 547 3173 ==
564 3133 597 3181 L.
621 3133 698 3180 21).
721 3133 753 3181 de
772 3133 857 3194 fidele.
882 3131 922 3186 lib.
941 3131 1076 3196 (40‚e
1019 3129 1097 3195 5e)ac

151 3200 206 3265 Ulp.
224 3203 240 3250 l.
258 3201 292 3250 60
308 3201 343 3248 od
360 3199 400 3248 ed.
476 3196 496 3260 ²)
514 3199 812 3259 ἕι41ιίηεοτᾷὖε
829 3200 862 3248 L.
878 3200 895 3247 4
911 3214 952 3262 pr.
970 3198 1009 3259 ἐξ.
1029 3201 1051 3249 1.
1071 3201 1096 3252 2.

150 3268 180 3315 D.
198 3267 258 3318 ibid.
277 3282 312 3315 eoe
329 3267 385 3315 eod.
405 3265 461 3328 Uip.
479 3268 502 3324 t,
521 3272 578 3316 mat.
647 3263 668 3328 ³)
686 3266 786 3330 scripsi,
809 3266 918 3330 Theopl.
936 3271 962 3315 et
979 3267 1037 3330 Dip.
1056 3281 1097 3316 se-

150 3341 225 3384 moue.
247 3337 339 3399 potest
361 3332 467 3382 admitti
488 3333 649 3382 constitutio
671 3339 699 3382 et
727 3331 844 3383 addictio
871 3335 999 3382 bonorum
1023 3331 1097 3382 fieri?

150 3403 221 3451 codd.
241 3402 299 3452 edd.
316 3401 364 3450 sed
384 3418 406 3452 c.
425 3399 505 3450 debet
522 3402 661 3458 caecidisse,
685 3408 829 3466 arpumento
850 3408 909 3450 sunt
925 3403 1006 3466 aliqui
1021 3403 1095 3452 codd.

149 3469 233 3531 infer„
249 3471 276 3518 in
293 3467 381 3533 quibus
397 3483 446 3532 pro
463 3471 555 3532 potest
573 3473 611 3517 est
628 3483 650 3521 a,
671 3484 693 3522 c.
711 3467 803 3518 debet.
