2492 3896
99 186 140 250 96
238 205 273 240 nn
289 202 561 240 runnroourtresanns
579 201 798 238 nnnsnrranreus
817 187 852 250 11,
870 189 912 238 23.

100 346 213 417 quisita,
235 345 320 400 altero
340 360 404 399 vero
420 359 499 414 casu,
520 343 547 398 id
567 351 609 398 est
628 359 703 413 oum,
726 351 820 414 quarta
839 350 915 414 parte
936 347 1052 412 retenta,

99 437 212 502 rogatus
227 437 269 482 est
283 429 361 483 heres
376 429 520 482 restituere
535 426 709 484 hereditatem
731 434 760 482 et
773 425 909 497 restituit,
929 424 1052 480 scindan-

100 520 145 567 tur
157 513 275 567 actiones
287 519 314 566 et
330 526 379 583 pro
395 510 524 566 dodrante
538 511 644 584 quidem
660 509 854 566 transferantur
869 509 901 565 ad
917 507 1052 564 fideicom-

100 596 266 666 missarium,
293 611 343 668 pro
371 593 518 666 quadrante
540 601 693 650 remaneant
714 593 784 666 apud
805 592 942 649 heredem.
986 593 1053 664 quin

100 679 179 734 etiam
195 678 257 734 licet
270 679 298 733 in
314 694 365 733 una
380 694 420 749 re,
436 693 487 751 qua
499 677 611 734 deducta
623 685 670 732 aut
680 685 830 750 praecepta,
848 678 992 732 restituere
1005 675 1052 730 aii-

100 764 160 834 quis
172 761 345 817 hereditatem
357 771 469 835 rogatus
481 769 537 832 est,
551 763 661 816 maxima
673 777 734 833 pars
746 760 902 816 hereditatis
914 761 1052 816 continea-

100 853 162 916 tur,
181 861 264 918 aeque
279 847 305 900 in
322 845 437 901 solidum
453 843 652 900 transferuntur
667 845 786 901 actiones
803 852 830 900 et
845 859 934 899 secum
951 841 1051 898 delibe-

100 945 159 984 rare
174 929 254 984 debet
268 930 306 999 is,
328 931 371 985 cui
386 929 539 984 restituitur
552 927 701 998 hereditas,
723 943 756 982 an
771 928 894 1001 expediat
909 926 959 982 sibi
973 928 1053 982 resti·

100 1014 149 1068 tui.
179 1012 270 1069 eadem
284 1010 387 1068 scilicet
408 1012 590 1068 interveniunt
605 1021 632 1067 et
647 1012 668 1066 si
684 1011 786 1067 duabus
802 1010 956 1086 pluribusve
971 1009 1053 1066 rebus

100 1095 220 1152 deductis
241 1097 421 1169 praeceptisve
439 1096 583 1151 restituere
603 1094 777 1150 hereditatem
796 1103 909 1169 rogatus
930 1096 974 1150 sit.
1003 1093 1053 1149 sed

100 1187 127 1235 et
142 1181 164 1234 si
176 1187 247 1236 certa
259 1195 361 1234 summa
372 1178 485 1234 deducta
494 1185 680 1252 praeceptere,
696 1195 763 1251 quae
780 1187 901 1252 quartam
916 1178 958 1234 vel
973 1179 1052 1233 etiam

100 1264 237 1318 maximam
252 1271 355 1336 partem
370 1262 525 1318 hereditatis
540 1264 671 1334 continet,
688 1270 800 1336 rogatus
813 1263 848 1318 sit
863 1262 959 1334 aliquis
973 1262 1053 1317 here·

100 1345 208 1402 ditatem
223 1347 383 1416 restituere,
402 1346 472 1401 idem
492 1347 557 1401 iuris
578 1353 630 1402 est.
674 1363 741 1419 quae
757 1346 870 1401 diximus
885 1345 918 1401 de
934 1361 983 1414 eo,
1005 1347 1053 1417 qui

100 1445 132 1486 ex
146 1446 205 1486 asse
219 1430 297 1486 heres
309 1429 449 1486 institutus
465 1438 517 1500 est,
532 1428 624 1486 eadem
636 1429 822 1486 transierimus
835 1438 863 1485 et
874 1429 907 1484 ad
918 1443 990 1500 eum,
1005 1431 1053 1502 qui

100 1529 133 1568 ex
147 1522 222 1587 parte
237 1515 316 1570 heres
332 1514 448 1586 scriptus
464 1521 514 1572 est.
657 1527 659 1530 ’

53 1604 84 1653 10
166 1590 323 1653 ¹Praeterea
333 1598 477 1653 intestatus
489 1613 597 1670 quoque
608 1598 754 1652 moriturus
765 1605 857 1670 potest
866 1612 964 1670 rogare
979 1611 1052 1666 eum,

101 1681 132 1735 ad
148 1697 227 1752 quem
242 1679 311 1736 bona
326 1681 428 1736 suave!
443 1680 564 1753 legitimo
579 1682 637 1736 iure
649 1681 690 1737 vel
702 1681 847 1736 honorario
863 1681 998 1753 pertinere
1012 1681 1053 1735 in-

103 1763 217 1836 tellegit,
233 1770 264 1817 ut
274 1763 449 1821 hereditatem
461 1779 536 1819 suam
553 1771 634 1818 totam
649 1772 784 1836 partemve
799 1765 856 1819 eius
872 1771 918 1818 aut
932 1779 988 1818 rem
1004 1763 1052 1818 ali-

102 1863 196 1919 quam,
219 1846 450 1915 reluctandum,
478 1846 628 1916 hominem,
650 1848 789 1918 pecuniam
811 1847 890 1903 alicui
911 1849 1052 1903 restituat:

52 1938 82 1986 11
101 1945 161 1986 cum
176 1929 293 2001 alioquin
307 1930 397 2004 legata
410 1931 461 1985 nisi
476 1944 508 1985 ex
523 1937 684 1986 testamento
696 1931 875 1988 convaleant.
904 1928 969 1985 Eum
986 1946 1053 2004 quo·

101 2030 169 2086 que,
192 2015 234 2069 cui
249 2013 347 2086 aliquid
362 2015 529 2084 restituitur,
551 2021 642 2088 potest
656 2030 770 2086 rogare,
793 2022 824 2069 ut
844 2013 871 2069 id
892 2031 986 2069 rursus
1008 2015 1054 2070 alii

52 2105 83 2153 12
101 2106 189 2154 totum
205 2106 251 2153 aut
265 2091 386 2170 partem²
407 2097 449 2152 vei
472 2099 550 2153 etiam
565 2098 637 2153 aliud
651 2097 750 2170 aliquid
765 2099 899 2153 restituat.
943 2097 977 2152 Et
992 2100 1054 2170 quia

101 2182 185 2254 prima
206 2179 471 2237 fideicommissorum
491 2180 652 2237 cunabulae
673 2179 724 2237 fide
744 2181 871 2236 heredum
893 2181 1011 2254 pendent
1026 2190 1054 2237 et

101 2272 154 2319 tam
164 2280 261 2320 nomen
274 2282 352 2338 quam
364 2264 538 2321 substantiam
550 2273 710 2338 acceperunt
721 2274 748 2321 et
758 2265 818 2320 ideo
830 2265 906 2321 divus
914 2267 1053 2338 Augustus

101 2347 133 2402 ad
148 2349 332 2403 necessitatem
347 2350 413 2404 iuris
428 2365 460 2403 ea
475 2349 603 2405 detraxit:
619 2365 705 2423 nuper
721 2357 747 2403 et
763 2365 826 2417 nos,
850 2349 964 2403 eundem
980 2350 1053 2422 prin·

101 2431 185 2502 cipem
202 2447 329 2503 superare
344 2430 552 2502 contendentes,
575 2448 607 2486 ex
622 2431 710 2503 iacto,
734 2431 805 2504 quod
821 2430 998 2488 Tribonianus
1012 2433 1054 2487 vir

100 2513 238 2582 excelsus,
261 2521 390 2585 quaestor
411 2515 478 2569 sacri
500 2515 605 2587 palatii,
633 2517 785 2588 suggessit,
812 2509 1054 2571 constitutionem³

101 2596 228 2665 fecimus,
250 2613 298 2668 per
320 2613 397 2670 quam
420 2597 614 2670 disposuimos:
636 2599 659 2653 si
681 2606 793 2654 testator
808 2597 868 2654 fidei
889 2598 995 2654 heredis
1010 2601 1054 2655 sui

101 2680 243 2751 commisit,
260 2689 289 2735 ut
305 2680 346 2736 vei
360 2680 534 2736 hereditatem
545 2681 587 2737 rei
598 2681 711 2753 speciale
728 2680 960 2738 fideicommissum
972 2685 1052 2738 resti·

101 2773 168 2834 tuat,
186 2773 212 2820 et
227 2780 314 2836 neque
330 2781 366 2819 ex*
376 2766 509 2837 scriptura
524 2781 612 2838 neque
627 2781 659 2820 er
671 2767 790 2838 quinque
805 2767 913 2821 testium
929 2781 1053 2836 numero,

102 2850 148 2919 qui
163 2851 191 2904 in
206 2846 417 2904 fideicommissis
433 2847 568 2922 legitimus
584 2865 643 2904 esse
658 2851 795 2920 noscitur,
811 2865 855 2904 res
869 2851 956 2922 possit
970 2851 1053 2905 mani·

101 2931 202 3002 festari,
218 2932 265 2987 sed
280 2932 322 2987 vei
334 2934 473 3004 pauciores
482 2948 560 3004 quam
572 2933 690 3005 quinque
704 2933 745 2988 vel
758 2949 842 2989 nemo
852 2934 962 3005 penitus
974 2934 1053 2989 testis

101 3016 289 3086 intervenerit,
309 3024 372 3072 tuno
387 3018 442 3071 sive
457 3023 533 3089 pater
548 3015 655 3071 heredis
676 3017 731 3071 sive
747 3017 814 3071 alius
830 3018 991 3089 quicumque
1006 3019 1053 3086 sit,

102 3100 147 3170 qui
163 3097 241 3153 fidem
261 3098 344 3172 elegit
365 3099 470 3154 heredis
491 3106 519 3154 et
538 3097 569 3154 ab
589 3115 621 3155 eo
642 3099 741 3171 aliquid
756 3101 861 3155 restitui
877 3101 1006 3170 voluerit,
1030 3102 1053 3156 si

170 3309 190 3372 ¹)
209 3332 243 3352 ==
262 3311 318 3361 Gai.
337 3312 362 3374 2,
380 3310 429 3360 269
446 3318 503 3364 mut.
589 3309 609 3374 ²)
632 3311 761 3376 Teleique
778 3313 853 3363 codd.
875 3312 985 3376 Theopb.
1003 3328 1053 3377 pro

102 3384 181 3442 parte
198 3378 251 3426 Bc
261 3379 393 3442 'ceterique
410 3380 485 3428 codd.
502 3377 580 3442 infer.
599 3380 656 3429 edd.
675 3377 749 3429 Salar.
767 3386 793 3428 et
810 3379 859 3432 Kr.
929 3377 949 3444 ³)
963 3381 994 3433 L.
1008 3383 1052 3432 32.

104 3445 130 3494 0.
150 3446 181 3494 dc
196 3445 279 3508 fideio.
299 3443 333 3509 (6,
351 3442 402 3505 42).
