2492 3896
165 217 224 280 116
342 232 377 266 nx
397 229 574 268 successione
592 229 767 266 nrnnaroxmt
784 215 833 277 111,
851 217 866 265 t
884 214 931 278 (8).

162 371 313 446 specialiter
327 387 374 426 eos
388 380 529 442 vocantes,
544 371 599 426 sive
613 370 665 426 soii
680 371 864 442 inveniantur,
879 371 966 443 quiin
981 370 1111 424 servitute

162 457 217 510 nati
236 464 263 511 et
282 464 377 530 postea
397 455 549 510 manumissi
569 463 648 525 sunt,
670 456 725 510 sive
748 470 797 509 nna
817 470 877 511 curn
892 454 965 523 aliis,
987 454 1032 526 qui
1047 462 1112 526 post

161 537 311 595 libertatem
332 540 481 611 parentium
501 540 623 611 concepti
644 547 720 608 sunt,
743 539 797 593 sive
816 555 848 592 ex
863 537 954 592 eadem
969 544 1054 591 matre
1068 536 1111 591 vel

163 621 257 677 eodem
273 630 348 696 patre
362 623 417 677 sive
433 638 465 677 ex
479 621 537 677 aliis
549 622 667 693 nuptiis,
682 621 714 676 ad
730 620 929 677 similitudinem
944 637 1048 690 eorum,
1065 621 1112 692 qui

163 722 195 762 ex
208 707 287 760 iustis
300 707 400 779 nuptiis
415 705 547 779 procreati
561 713 634 760 sunt.

114 796 143 843 11
225 787 355 862 Repetitis
376 790 466 862 itaque
488 785 622 857 omnibus,
644 804 710 860 qnae
732 789 782 842 iam
805 787 970 858 tradidimus,
992 796 1111 861 apparet,

160 888 215 928 non
230 889 337 946 semper
351 888 413 948 eos,
430 874 476 946 qni
490 888 580 945 parem
595 871 708 945 gradum
723 872 890 944 cognationis
906 872 1044 944 optinent,
1063 887 1110 944 pa·

161 957 227 1011 riter
241 958 337 1026 vocari,
355 972 442 1029 eoque
457 955 569 1028 amplius
584 971 634 1010 nec
649 971 709 1010 eum
721 953 840 1028 quidem,
856 956 901 1028 qui
917 955 1062 1027 proximior
1076 957 1113 1010 sit

161 1047 308 1112 cognatus,
330 1055 435 1112 semper
455 1041 587 1111 potiorem
610 1054 678 1093 esse.
715 1054 775 1094 cum
790 1040 858 1092 enim
880 1040 965 1111 prima
982 1054 1060 1094 cansa
1075 1039 1113 1094 sit

161 1139 271 1178 suorum
291 1122 420 1178 heredum
439 1138 560 1194 quosque
580 1123 650 1178 inter
668 1138 733 1176 suos
753 1121 865 1177 heredes
879 1124 932 1177 iam
947 1123 1113 1177 enumeravi·

163 1223 238 1276 mus,
261 1213 385 1279 apparet,
408 1215 586 1279 pronepotem
604 1205 645 1260 vel
665 1204 824 1278 abnepotem
844 1204 964 1261 defuncti
978 1207 1112 1278 potiorem

163 1305 222 1344 esse
237 1305 315 1363 quam
330 1289 440 1344 fratrem
457 1296 502 1344 aut
516 1299 620 1363 patrem
641 1298 805 1361 matremque
820 1288 955 1360 defuncti,
971 1304 1030 1345 cum
1046 1288 1113 1344 alio·

165 1374 228 1445 quin
251 1381 327 1446 pater
349 1373 456 1446 quidem
482 1381 509 1428 et
531 1381 629 1444 mater,
656 1380 787 1445 utsupra
810 1388 918 1446 quoque
941 1372 1110 1443 tradidimus,

162 1457 277 1531 primum
293 1457 404 1529 gradum
419 1458 587 1529 cognationis
603 1457 757 1529 optineant,
778 1455 861 1511 irater
876 1472 939 1511 vero
954 1455 1112 1534 secundnm,

162 1557 299 1614 pronepos
320 1547 408 1595 autem
429 1542 508 1595 tertio
523 1539 609 1613 gradu
624 1541 659 1595 sit
674 1547 805 1612 cognatus
821 1548 848 1595 et
863 1537 980 1612 abnepos
996 1550 1110 1614 quarto:

164 1640 213 1679 neo
227 1626 351 1694 interest,
368 1625 395 1678 in
410 1631 543 1695 potestate
558 1625 696 1678 morientis
711 1622 792 1679 fuerit
807 1639 840 1678 an
855 1640 910 1678 non
925 1623 1022 1694 fuerit,
1038 1625 1113 1697 qnod

164 1706 205 1761 vel
225 1709 405 1780 emancipatus
426 1705 468 1762 vel
488 1723 520 1761 ex
541 1708 704 1778 emancipato
720 1715 766 1761 ant
780 1723 812 1762 ex
827 1706 953 1762 feminino
968 1723 1034 1762 sexu
1049 1725 1113 1780 pro·

115 1798 147 1846 12
165 1797 277 1862 pagatus
288 1798 338 1845 est.
368 1791 470 1844 amotis
482 1805 589 1862 quoqne
601 1791 656 1844 suis
667 1789 810 1845 heredibus
825 1807 948 1863 quosque
961 1792 1033 1846 inter
1047 1808 1113 1847 snos

162 1873 277 1929 heredes
291 1873 379 1929 vocari
394 1873 517 1944 diximus,
533 1872 681 1946 adgnatos,
704 1874 749 1945 qui
764 1874 899 1948 integrum
913 1875 956 1929 ius
971 1874 1113 1947 adgnatio-

163 1957 205 2012 nis
221 1956 309 2029 habet,
329 1957 432 2013 etiamsi
446 1955 604 2030 longissimo
618 1956 703 2029 gradn
716 1957 767 2028 sit,
788 1956 946 2030 plerumque
961 1959 1052 2031 potior
1066 1959 1113 2014 ha·

163 2039 242 2096 betur
256 2057 340 2113 quam
350 2040 498 2114 proximior
512 2049 656 2112 cognatus:
679 2056 740 2095 nam
755 2041 843 2114 patrui
857 2057 942 2113 nepos
958 2042 997 2096 rel
1013 2058 1112 2114 prone·

162 2141 213 2198 pos
228 2124 359 2181 avunculo
371 2125 410 2179 vei
422 2133 580 2180 materterae
592 2123 753 2197 praefertur.
783 2125 885 2179 totiens
899 2126 983 2198 igitur
997 2123 1111 2182 dicimus

164 2216 210 2264 ant
225 2210 357 2280 potiorem
372 2206 464 2262 haberi
478 2223 549 2277 eum,
565 2208 611 2281 qui
622 2207 809 2280 proximiorem
819 2207 931 2280 gradum
942 2209 1112 2281 cognationis

164 2292 284 2364 optinet,
299 2300 345 2346 aut
359 2292 459 2363 pariter
474 2292 561 2346 vocari
576 2306 638 2360 eos,
655 2292 699 2363 qui
714 2293 823 2363 cognati
838 2292 907 2361 sint,
923 2293 1048 2364 quotiens
1064 2311 1112 2350 ne·

163 2391 216 2446 que
238 2390 347 2429 suorum
369 2373 498 2429 heredum
518 2375 576 2429 inre
604 2376 702 2447 quique
723 2375 794 2430 inter
816 2391 880 2429 suos
902 2375 1014 2431 heredes
1037 2387 1112 2450 sunt,

163 2473 250 2530 neque
269 2456 436 2529 adgnationis
456 2459 513 2512 iure
533 2457 627 2530 aliquis
649 2456 777 2530 praeferri
799 2456 893 2514 debeat
908 2459 1054 2515 secundnm
1071 2477 1112 2533 ea,

163 2556 230 2614 quae
245 2539 416 2608 tradidimus,
437 2542 553 2614 exceptis
569 2539 650 2596 fratre
666 2549 693 2595 et
707 2557 801 2597 sorore
816 2544 1001 2615 emancipatis,
1019 2545 1065 2617 qui
1080 2546 1113 2600 ad

162 2625 360 2680 successionem
382 2622 491 2678 iratrum
513 2623 551 2680 rel
573 2640 696 2679 sororum
716 2633 861 2694 vocantur,
883 2627 929 2698 qui
944 2628 1009 2682 etsi
1024 2629 1113 2700 capite

162 2707 291 2763 deminuti
316 2714 394 2778 sunt,
416 2715 504 2762 tamen
528 2707 716 2780 praeferuntur
736 2709 833 2764 ceteris
854 2708 991 2765 ulterioris
1013 2712 1113 2784 gradus

163 2790 294 2865 adgnatis.

525 3002 581 3042 rm.
598 3001 646 3042 vrr
659 3001 742 3051 (vnn).

346 3085 395 3136 Du
414 3085 657 3138 SUGOESSIONE
675 3087 924 3138 LtnutauottUtt.

113 3211 149 3252 1³¹·
229 3200 324 3262 ¹Nunc
336 3207 369 3261 de
382 3207 540 3263 libertorum
554 3206 632 3263 bonis
650 3208 793 3264 videamus.
832 3207 895 3265 oiim
910 3211 1001 3282 itaque
1017 3211 1116 3269 licebat

164 3289 260 3346 liberto
283 3298 425 3363 patronum
453 3307 531 3347 sunm
552 3293 660 3365 impune
686 3300 846 3348 testamento
869 3295 1029 3367 praeterire:
1053 3313 1115 3352 nam

234 3465 253 3532 ¹)
271 3483 312 3531 ar·
331 3469 370 3531 ts.
389 3471 411 3520 1.
430 3472 445 3519 2
461 3472 519 3533 sere
536 3492 569 3514 =
583 3473 638 3523 aar.
657 3476 682 3535 3,
700 3474 838 3528 ae...te.
