2492 3896
170 164 230 228 108
299 183 335 216 ns
352 180 488 216 mucimus
504 180 689 218 numerosum
706 181 882 217 succussrorm
899 167 952 230 111,
969 169 994 216 2.

168 324 257 396 patrui
280 323 321 377 sui
343 330 490 393 vocentur,
513 321 560 377 sed
583 324 661 378 etiam
683 338 824 395 germanae
845 322 1061 395 consanguineae
1081 322 1126 378 vel

169 408 271 462 sororis
284 405 404 462 uterinae
417 403 488 460 filius
500 414 527 461 et
539 403 591 460 lilia
606 406 657 461 soli
672 415 699 461 et
714 423 768 462 non
783 406 909 479 deinceps
924 422 1055 478 personae
1069 423 1127 461 una

169 506 228 546 cum
252 489 293 544 his
314 489 345 543 ad
368 490 427 544 iura
448 489 570 549 avunculi
592 492 634 545 sul
657 492 813 563 perveniant
834 499 862 545 et
883 497 990 544 mortuo
1012 506 1055 559 eo,
1077 491 1126 562 qui

168 582 281 647 patruus
297 572 403 646 quidem
420 581 462 628 est
477 574 566 628 lratris
587 575 629 628 sui
649 573 726 643 liliis,
742 573 888 630 avunculus
909 582 998 627 autem
1020 575 1128 628 sororis

168 673 233 712 suae
248 656 347 727 suboli,
363 657 443 712 simili
453 657 534 713 modo
545 656 577 712 ab
590 666 705 728 utroque
720 657 804 713 latere
819 656 975 728 succedant,
990 666 1128 727 tamquam

168 741 191 795 si
207 756 300 796 omnes
316 755 348 794 er
362 740 486 796 masculis
502 739 694 796 descendentes
715 741 835 814 legitimo
857 743 914 796 iure
929 742 1049 808 veniant,
1071 742 1127 797 sci·

168 823 232 879 licet
247 823 292 879 ubi
307 823 389 879 irater
408 832 436 880 ct
455 840 535 880 soror
555 826 715 897 superstites
730 841 784 880 non
800 833 863 880 sunt
878 821 933 900 (his
949 825 1047 879 etenim
1062 841 1127 897 per·

168 909 242 963 sonis
257 908 482 981 praecedentibus
497 916 525 963 et
538 909 735 963 successionem
749 907 951 963 admittentibus
966 909 1048 962 ceteri
1063 925 1128 981 gra·

169 991 219 1047 dus
241 1001 380 1047 remanent
401 993 509 1065 penitus
531 985 656 1067 semoti):
684 991 807 1046 videlicet
828 992 979 1046 hereditate
1000 1007 1054 1046 non
1076 985 1127 1047 in1

136 1075 151 1123 5
169 1077 286 1148 stirpes,
302 1075 391 1130 sedin
408 1076 494 1147 capita
509 1074 659 1131 dividenda.
692 1073 720 1129 Si
735 1074 826 1148 plures
841 1076 895 1130 sint
909 1073 1008 1147 gradus
1024 1076 1128 1148 adgna-

169 1169 270 1228 torum,
285 1167 377 1232 aperte
390 1157 432 1213 lex
444 1158 585 1214 duodecim
599 1157 747 1213 tabularum
759 1160 911 1232 proximum
924 1167 1017 1214 vocat:
1032 1159 1127 1231 itaque

168 1244 192 1298 si
206 1239 279 1297 verbi
299 1243 385 1315 gratia
406 1243 442 1298 sit
463 1242 548 1296 lrater
567 1241 686 1298 defuncti
707 1251 734 1297 et
753 1243 864 1298 alterius
886 1242 976 1297 lratris
991 1241 1062 1297 lilius
1077 1253 1128 1298 aut

167 1334 295 1399 patruus,
317 1325 400 1380 irater
421 1327 513 1399 potior
527 1323 650 1383 habetur.
687 1335 714 1381 et
729 1328 848 1398 quamvis
863 1325 994 1398 singulari
1009 1342 1128 1382 numero

169 1426 217 1464 usa
231 1409 275 1464 len
290 1411 441 1484 proximum
457 1417 549 1481 vocet,
574 1418 662 1465 tamen
677 1408 786 1465 dubium
800 1426 855 1465 non
870 1418 926 1479 est,
951 1411 1014 1482 quin
1035 1418 1077 1482 et,
1101 1412 1128 1466 si

168 1494 259 1567 plures
275 1495 330 1549 sint
344 1494 464 1549 eiusdem
479 1493 595 1567 gradus,
618 1510 711 1548 omnes
732 1494 915 1549 admittantur:
932 1509 991 1548 nam
1013 1503 1041 1548 et
1059 1510 1128 1566 pro-

169 1580 226 1650 prie
246 1579 383 1651 proximus
405 1594 437 1632 ex
456 1575 579 1649 pluribus
600 1576 726 1649 gradibus
746 1577 915 1651 intellegitur
931 1584 958 1631 et
973 1585 1060 1632 tamen
1075 1577 1128 1632 du·

169 1661 242 1716 bium
254 1677 309 1716 non
322 1669 373 1729 est,
383 1662 458 1733 quin,
471 1661 533 1716 licet
545 1676 615 1717 unus
627 1662 662 1716 sit
676 1660 774 1733 gradus
787 1660 974 1734 adgnatorum,
991 1662 1129 1734 pertineat

135 1745 151 1792 6
169 1743 201 1798 ad
217 1760 265 1798 eos
275 1742 421 1800 hereditas.
451 1743 590 1798 Proximus
601 1753 700 1814 autem,
715 1745 738 1798 si
750 1744 857 1817 quidem
873 1744 947 1799 nullo
963 1753 1130 1801 testamento

169 1825 241 1882 lacto
257 1828 372 1899 quisque
387 1827 542 1896 decesserit,
559 1844 608 1899 per
622 1827 675 1883 hoc
691 1835 795 1900 tempus
810 1829 967 1899 requiritur,
982 1844 1036 1900 quo
1052 1844 1129 1884 mor·

171 1920 233 1966 tuus
249 1918 290 1966 est
305 1911 345 1984 is,
362 1912 437 1966 cuius
451 1910 486 1965 de
500 1910 649 1966 hereditate
664 1911 812 1985 quaeritur.
843 1911 940 1984 quodsi
955 1912 1024 1967 lacto
1040 1919 1129 1967 testa-

170 2002 261 2050 mento
278 1996 418 2068 quisquam
439 1993 602 2067 decesserit,
622 2011 670 2068 per
689 1995 742 2050 hoc
762 2004 869 2067 tempus
883 1996 1046 2067 requiritur,
1071 2011 1129 2070 quo

169 2087 272 2134 certum
285 2094 345 2134 esse
358 2078 600 2152 coeperit,nullum
613 2095 645 2134 ex
652 2087 813 2134 testamento
821 2078 947 2134 heredem
956 2086 1129 2134 citaturum:

171 2169 226 2217 tum
247 2163 316 2217 enim
338 2163 447 2235 proprie
469 2163 583 2235 quisque
611 2161 777 2234 intellegitur
798 2163 943 2217 intestatus
966 2162 1130 2220 decessisse.

170 2245 241 2318 quod
258 2245 364 2319 quidem
379 2246 520 2318 aliquando
531 2246 615 2319 longo
628 2254 748 2319 tempore
760 2245 922 2302 declaratur:
935 2246 961 2300 iu
971 2261 1024 2317 quo
1036 2248 1130 2319 spatio

169 2330 299 2401 temporis
319 2345 400 2403 saepe
420 2329 531 2400 accidit,
554 2338 584 2385 nt
603 2317 766 2402 proximiore
786 2336 894 2384 mortuo
909 2330 1047 2402 proximus
1062 2345 1128 2386 esse

137 2412 152 2461 Ἰ
170 2412 296 2484 incipiat,
317 2414 364 2485 qui
384 2415 516 2468 moriente
530 2420 660 2469 testatore
675 2429 730 2468 non
745 2421 802 2467 erat
817 2413 965 2485 proximus.
1003 2411 1132 2469 Placebat

170 2501 270 2565 autem,
286 2496 312 2550 in
324 2511 357 2550 eo
374 2512 474 2568 genere
489 2496 719 2569 percipiendarum
733 2495 912 2551 hereditatum
926 2497 1131 2553 successionem

170 2594 224 2633 non
246 2594 319 2650 esse,
340 2577 366 2633 id
387 2571 447 2632 est²
463 2581 581 2650 quamvis
597 2580 750 2653 proximus,
766 2580 812 2652 qui
826 2578 973 2635 seeundum
988 2595 1034 2649 ea,
1056 2597 1132 2653 quae

169 2661 294 2733 diximus,
310 2667 420 2717 vocatur
431 2660 463 2717 ad
476 2661 662 2734 hereditatem,
678 2674 724 2718 aut
734 2663 866 2736 spreverit
877 2663 1052 2719 hereditatem
1068 2673 1132 2737 aut,

170 2753 312 2817 antequam
327 2745 413 2813 adeat,
429 2745 586 2822 decesserit,
601 2742 685 2801 nihilo
701 2747 785 2820 magis
800 2746 922 2819 legitimo
937 2748 994 2802 inre
1008 2763 1132 2819 sequen·
1234 2785 1235 2800 2

170 2838 211 2885 tes
226 2829 414 2885 admittuntur.
445 2827 518 2902 quod
532 2830 630 2885 iterum
643 2838 783 2903 praetores
794 2829 953 2902 imperiecto
967 2831 1025 2885 inre
1040 2833 1132 2887 corri-

170 2922 281 2987 gentes,
293 2929 348 2968 nou
362 2914 389 2967 in
404 2921 492 2968 totum
507 2913 564 2967 sine
580 2913 739 2969 adminiculo
754 2912 956 2986 relinquebant,
970 2913 1016 2968 sed
1033 2929 1066 2969 es
1081 2931 1133 2971 co-

170 3006 314 3070 gnatorum
330 2997 424 3053 ordine
439 3014 486 3053 eos
500 2995 647 3066 vocabant,
663 3006 758 3070 utpote
774 2997 941 3071 adgnationis
956 2999 1013 3052 iure
1028 2999 1068 3052 eis
1084 3014 1133 3054 re·
1233 3057 1234 3068 ἶ

169 3079 256 3136 cluso.
286 3079 332 3134 sed
345 3096 394 3136 nos
407 3080 474 3136 nihil
486 3080 579 3136 deesse
588 3079 787 3153 perfectissimo
799 3082 852 3136 iuri
866 3083 1016 3156 cupientes,
1032 3089 1133 3138 nostra

238 3290 257 3356 1)
276 3293 301 3341 Β
318 3309 373 3342 eam
394 3293 504 3358 Theoph.
523 3292 561 3359 (iu
580 3292 702 3359 stirpem)
720 3294 755 3344 ad
773 3310 808 3344 eac
828 3296 957 3360 plerisque
974 3296 1049 3345 codd.
1068 3297 1132 3348 edd.
1232 3307 1233 3318 ²

170 3359 243 3410 Schr.
261 3367 285 3410 et
304 3360 354 3412 Ka.
373 3363 447 3410 etiam
466 3361 527 3410 Cod.
553 3362 612 3412 titre·
627 3365 736 3412 uastant.
823 3357 844 3426 Β)
865 3362 975 3426 Tlrcoph.
994 3361 1021 3411 id
1038 3367 1082 3413 est
1099 3370 1137 3414 ut

169 3428 243 3480 codd.
262 3434 287 3476 et
305 3428 363 3479 edd.
381 3426 454 3477 Schr.
472 3436 498 3478 et
515 3427 565 3482 Kr.
