2492 3896
139 181 198 243 114
358 197 394 230 os
413 193 552 231 eunomus
570 193 754 231 consumans
771 179 827 240 111,
846 181 870 230 6.

137 336 248 410 proprie
269 333 321 390 dici
342 331 451 408 (amitae
472 343 533 391 tuae
555 334 603 389 filii
625 333 814 391 consobrinum
835 343 862 389 te
885 332 1034 406 appellant,
1055 340 1088 388 tu

105 420 198 476 billos
214 412 364 494 amitinos).
400 417 498 486 Quinto
521 435 601 492 supra
625 427 729 489 atavus,
751 418 850 487 atavia,
872 418 942 472 inira
958 416 1089 488 adnepos,

137 503 275 576 adneptis,
290 517 322 557 er
337 509 490 558 transverso
505 501 596 557 fratris
611 503 766 574 sororisque
780 517 933 575 pronepos,
947 501 1090 573 proneptis

137 594 166 642 et
185 587 374 642 convenienter
394 593 572 658 propatruus,
593 586 723 658 proamita
744 577 784 664 (id
800 592 842 640 est
856 585 947 657 proavi
962 583 1045 638 irater
1060 591 1089 637 et

137 661 246 744 soror),
268 668 480 741 proavunculus,
504 677 698 742 promatertera
713 663 754 743 (id
769 675 811 724 est
825 668 947 741 proaviae
962 667 1045 722 irater
1061 674 1089 722 et

137 746 241 828 soror),
256 753 319 807 item
334 751 424 808 iratris
439 751 583 825 patruelis,
605 753 708 806 sororis
725 751 867 824 patruelis,
889 748 1045 806 consobrini
1060 757 1090 804 et

137 835 327 905 consobrinae,
350 836 466 904 amitini,
489 835 612 890 amitinae
634 833 721 905 lilius,
743 833 811 906 filia,
834 835 945 907 propius
966 831 1087 902 sobrino,

137 912 261 974 sobrina¹
290 916 414 993 (bisunt
439 919 529 991 patrui
556 919 659 990 magni,
688 919 783 973 amitae
811 933 937 991 magnae,
965 916 1089 972 avunculi

104 1009 120 1058 6
138 1003 242 1075 magni,
264 1011 420 1058 materterae
441 1017 553 1074 magnae
576 999 662 1070 lilius,
684 999 756 1072 filia).
802 995 904 1056 ²Serto
924 1001 1010 1072 gradu
1024 1009 1088 1055 sunt

137 1103 219 1158 supra
234 1087 356 1154 tritavus,
372 1086 485 1154 tritavia,
500 1084 569 1139 inira
584 1085 721 1157 trinepos,
735 1085 871 1158 trineptis,
888 1101 920 1139 ex
935 1092 1088 1139 transverso

136 1169 227 1225 fratris
242 1170 396 1241 sororisque
411 1167 538 1242 abnepos,
554 1168 675 1241 abneptis
691 1175 718 1223 et
729 1168 918 1224 convenienter
932 1166 1090 1241 abpatruus,

137 1251 249 1308 abamita
260 1245 301 1326 (id
312 1259 353 1307 est
364 1251 438 1307 abavi
452 1251 535 1307 irater
549 1259 577 1307 et
591 1249 694 1324 soror),
705 1250 894 1320 abavunculus,
910 1250 1089 1306 abmatertera

139 1329 181 1414 (id
203 1342 244 1390 est
266 1334 370 1391 abaviae
392 1335 475 1390 irater
496 1344 525 1390 et
538 1330 649 1412 soror),
671 1336 736 1391 item
757 1336 906 1409 propatrui,
928 1333 1089 1408 proamitae,

137 1418 323 1494 proavunculi,
337 1427 549 1492 promaterterae
564 1417 645 1488 filius,
666 1411 746 1488 lilia,³
760 1419 823 1474 item
839 1418 931 1474 fratris
947 1417 1090 1490 patruelis,

137 1504 239 1560 sororis
250 1502 389 1576 patruelis,
404 1501 567 1573 consobrini,
580 1502 766 1573 consobrinae,
778 1503 888 1571 amitini,
904 1503 1027 1557 amitinae
1042 1517 1089 1556 ne·

137 1603 203 1660 pos,
225 1587 313 1659 neptis
321 1579 344 1655 ,⁴
364 1588 427 1641 item
448 1585 549 1642 sobrini
569 1585 744 1659 sobrinaeque
766 1578 806 1661 (id
822 1593 863 1640 est
878 1586 924 1657 qui
940 1601 1041 1657 quaeve
1056 1600 1090 1639 ex

138 1669 267 1725 iratribus
282 1668 324 1724 vel
339 1668 476 1724 sororibus
496 1668 662 1742 patruelibus
677 1668 718 1724 vel
733 1667 899 1724 consobrinis
916 1669 958 1724 vel
972 1668 1092 1722 amitinis

104 1761 120 1810 't
137 1745 373 1826 progenerantur).
403 1751 538 1808 Hactenus
554 1751 702 1807 ostendisse
718 1749 848 1823 sufficiet,
865 1750 1090 1825 quemadmodum

137 1835 239 1908 gradus
254 1834 423 1910 cognationis
438 1843 619 1891 numerentur.
656 1851 770 1908 namque
785 1852 818 1891 ex
831 1836 873 1890 his
888 1835 973 1908 palam
988 1842 1031 1890 est
1045 1836 1089 1890 in-

137 1919 282 1992 tellegere,
308 1918 530 1990 quemadmodum
560 1918 673 1974 ulterius
696 1935 804 1992 quoque
826 1919 925 1991 gradus
948 1934 1093 1974 numerare

138 2065 339 2074 ——ss-

206 2161 226 2228 ¹)
240 2165 353 2230 propias
370 2165 479 2215 sobrino
497 2165 607 2214 sobrina
619 2155 634 2214 ὁ
646 2157 798 2229 λεγόμενος
809 2155 946 2228 πρόπριος
958 2159 1092 2229 cadolane

138 2228 188 2281 uod
200 2227 327 2296 πρόπρια
340 2231 457 2297 σοβρῖνα
473 2231 590 2296 Tbeopb..
608 2233 643 2294 td,
656 2234 724 2298 quod
735 2234 854 2287 dedimus,
872 2247 922 2280 non
938 2232 1091 2280 intellectum

136 2301 246 2362 scilicet,
272 2315 325 2348 mon
348 2301 389 2348 sui
409 2301 465 2348 aeci
487 2299 591 2349 Graecis
613 2301 758 2348 entendasse
780 2299 830 2348 sibi
850 2300 928 2358 umus,
956 2313 1009 2346 eum
1032 2298 1092 2346 alias

137 2366 203 2414 altae
220 2369 351 2428 placerent
368 2367 537 2429 corruptelae.
570 2373 678 2415 ceterum
700 2367 774 2415 etiam
796 2363 1033 2430 propiussobrinus
1051 2361 1092 2428 (ut

136 2431 282 2494 proconsul
305 2434 357 2481 uice
374 2430 426 2482 coti
444 2447 492 2496 pro
511 2433 630 2494 consule)
653 2438 723 2481 recte
745 2434 844 2482 uidetur
866 2433 917 2480 diei
931 2432 1046 2495 potuisse
1063 2437 1092 2480 et

138 2498 315 2614 adqudbmdam
332 2500 422 2578 dictum
439 2514 504 2551 esse.
539 2494 926 2615 ppopric‘ripobplinqshsobdna
943 2499 1017 2626 ppdd.
1036 2504 1086 2546 oct.

138 2581 177 2614 e.
223 2581 246 2614 r.
286 2579 645 2618 rotors.s.e.caueeo
684 2582 749 2616 .e.
788 2582 841 2618 aa.
995 2579 1090 2613 area

138 2633 170 2682 L.
190 2634 205 2682 3
223 2580 366 2696 papstpde
381 2633 455 2696 prad.
474 2647 543 2696 copo.
564 2631 615 2694 (38,
634 2632 684 2694 10).
786 2629 808 2696 ⁸)
827 2632 890 2680 item
906 2565 1028 2695 propdtr.
1041 2670 1047 2683 .
1062 2669 1090 2684 ..

138 2697 194 2748 lilia
209 2699 274 2762 Dip,
293 2700 367 2749 codd.
382 2699 457 2762 infer.
475 2690 578 2763 ὁμοίως
597 2693 629 2748 δὲ
648 2692 662 2748 ὁ
681 2697 783 2763 μείζων
801 2697 984 2761 κονσοβρῑνος
1001 2693 1051 2746 καὶ
1070 2689 1089 2762 ἦ

137 2764 306 2830 κονσοβρίνη
323 2766 433 2828 lincopia.
446 2780 481 2814 erc
492 2767 564 2814 unius
580 2767 651 2815 unice
668 2781 717 2816 non
734 2766 845 2815 absurda
862 2767 955 2814 codicis
973 2766 1091 2826 lectione,

137 2835 170 2882 de
188 2849 237 2897 qua
254 2835 302 2882 oid
321 2834 402 2882 Reitz.
419 2834 486 2882 unde
503 2840 620 2896 apparet,
638 2848 686 2882 non
703 2840 773 2882 recte
790 2838 903 2882 statuere
921 2831 1092 2881 Scbraderum

138 2901 174 2949 ad
184 2900 207 2948 lt.
219 2901 245 2963 l.,
263 2901 312 2948 iam
328 2899 503 2950 Tribanianum
515 2900 578 2950 baec
588 2899 665 2948 cerba
676 2906 702 2950 et
712 2903 843 2964 sequentia
854 2899 919 2948 item
932 2936 938 2948 .
951 2934 957 2948 .
971 2940 977 2952 .
989 2898 1091 2962 neptis,

138 2982 202 3031 quae
213 2974 320 3032 unaque
331 2969 357 3016 iu
368 2967 442 3017 codd.
456 2974 504 3016 aet.
517 2969 620 3026 dasunt,
638 2968 723 3017 taedio
740 2982 824 3016 omnes
835 2966 905 3016 buius
915 2967 1013 3030 pradus
1030 2980 1092 3029 per·

137 3049 214 3083 sonae
225 3035 387 3082 enumerandi
397 3036 516 3084 arciense.
534 3049 550 3082 a
561 3033 672 3084 librariis
683 3049 742 3082 cero
755 3039 873 3096 respectu
884 3034 952 3095 θέᾳ,
970 3033 1014 3082 ubi
1025 3047 1093 3097 quae

138 3102 295 3164 praecedunt
305 3101 382 3149 cerba
392 3100 457 3149 item
468 3100 558 3164 putrui
571 3099 662 3164 magni
672 3142 677 3154 ,
688 3134 711 3153 ..
724 3115 816 3164 nepos,
830 3100 917 3163 neptis
930 3097 957 3162 (i.
971 3114 992 3148 e.
1003 3099 1090 3148 sobri-

138 3166 193 3227 nus)
209 3169 297 3230 inepta
312 3173 381 3228 sunt,
400 3169 479 3216 omitti
490 3173 626 3230 potuerunt
641 3174 758 3232 tanquam
778 3169 864 3216 eadem
873 3167 1031 3230 glossematis
1046 3182 1092 3216 aa·

137 3235 250 3297 spinione
267 3233 419 3288 laborantia.
486 3231 508 3295 ⁴)
526 3233 591 3283 item
602 3270 608 3285 .
618 3274 624 3287 .
636 3273 641 3286 .
652 3234 741 3300 neptis
753 3235 821 3299 Dia,
840 3235 914 3284 codd.
932 3234 1023 3294 infera
1041 3248 1091 3283 am.

137 3302 210 3350 codd.
229 3307 276 3350 oet.
293 3303 350 3349 item
370 3299 480 3362 Tbeopb.
498 3302 580 3363 codd,
600 3302 647 3350 aed
662 3309 690 3350 ut
706 3309 778 3350 certa
795 3301 900 3363 cestiqia
917 3316 1008 3362 eorum,
1026 3316 1093 3364 quae

136 3370 276 3430 perierunt,
293 3368 429 3429 supersint,
448 3368 479 3416 de
497 3368 583 3432 quibus
600 3369 648 3420 oid.
667 3369 746 3419 Reitz.
764 3368 829 3418 item
847 3371 960 3434 proptia
962 3401 1092 3418 .......

137 3434 228 3498 neptis
246 3449 292 3484 am.
310 3435 369 3483 edd.
387 3432 461 3484 Sclr.
480 3441 506 3482 et
522 3434 572 3484 Kr.
