2472 3896
410 235 445 270 nn
464 235 559 272 annunt
576 235 717 272 nnvrsronr
736 221 772 278 11,
793 225 816 276 1.
1048 219 1090 284 35

132 377 175 432 sui
190 391 245 432 non
260 375 349 446 laniat,
369 383 401 432 ut
415 376 539 432 alimenta
562 376 666 450 pupillo
688 377 881 445 decernantur,
901 384 1011 433 cavetur
1032 379 1088 449 epi-

131 458 204 516 stula
219 460 342 517 divorum
357 459 450 516 Severi
464 467 491 516 et
512 454 665 530 Antoniui‚¹
685 462 761 517 utin
780 462 981 535 possessionem
1003 459 1088 516 bono·

131 560 191 600 rum
207 545 263 600 eius
280 543 398 616 pupillus
409 544 545 600 mittatur:
560 552 588 600 et
599 560 667 616 quae
678 559 752 602 mora
766 545 902 602 deteriora
912 543 1004 601 lutura
1014 552 1088 615 sunt,

131 628 195 684 dato
210 636 335 684 curatore
350 627 463 684 distrahi
482 626 619 684 iubentur.
655 644 721 700 ergo
742 637 773 683 ut
792 636 935 702 smpootus
956 628 1088 686 removeri

131 713 243 785 poterit,
259 713 305 785 qui
317 728 372 768 non
383 718 502 784 praestat
517 711 651 768 alimenta.
682 711 735 768 Sed
748 714 840 785 siquis
855 728 981 785 praesens
996 718 1087 786 negat,
1108 718 1138 766 10

131 804 245 870 propter
258 797 377 868 inopiam
392 795 516 852 alimenta
525 812 606 869 posse
617 795 737 866 deoerni,
753 793 844 853 si'hoo
858 812 908 868 per
922 795 1087 852 mendatium

131 879 212 950 dioat,
231 879 422 935 remittendum
443 895 503 934 eum
519 895 579 936 esse
593 879 626 934 ad
641 878 808 953 praelectum
830 879 903 934 urbis
923 879 1087 952 puniendum

131 963 242 1037 placuit,
257 964 328 1019 sicut
342 962 388 1019 ille
399 964 555 1034 remittitur,
571 965 617 1036 qui
628 963 687 1019 data
702 965 817 1036 pecunia
827 962 1005 1020 ministerium
1017 970 1089 1020 tute·

130 1047 172 1103 lae
184 1047 306 1103 redemit.
338 1039 482 1104 ²Lihortus
503 1063 622 1120 quoque,
644 1049 667 1103 si
682 1047 869 1104 fraudulenter
884 1047 1001 1118 gessisse
1017 1053 1087 1102 tute·
1108 1052 1135 1098 11

131 1130 184 1188 lam
197 1129 313 1188 liliorum
322 1130 364 1186 vel
375 1140 504 1204 nepotum
517 1132 624 1204 patroni
635 1129 778 1208 probetur,
790 1131 822 1186 ad
835 1129 999 1204 praelectum
1015 1127 1088 1186 urbis

131 1216 281 1272 remittitur
294 1215 454 1288 punindus.
485 1212 633 1270 Novissime
647 1215 784 1272 sciendum
801 1222 859 1285 ost,
875 1231 933 1287 eos,
954 1214 1000 1286 qui
1015 1213 1087 1269 lrau·
1107 1218 1138 1266 12

132 1298 258 1356 dulenter
273 1297 385 1354 tutelam
399 1297 442 1355 uel
454 1313 544 1356 euram
556 1297 752 1368 administrant,
768 1300 872 1354 etiamsi
886 1299 950 1354 satis
965 1295 1088 1367 ollerant,

131 1381 311 1438 removendos
322 1398 337 1435 a
350 1379 444 1450 tutela,
461 1373 542 1454 ³quia
556 1381 694 1436 satisdatio
709 1384 878 1454 propositum
893 1383 993 1439 tutoris
1007 1379 1089 1438 male-

131 1464 224 1521 volum
239 1481 295 1520 non
307 1471 402 1534 mutat,
418 1465 465 1519 sed
481 1463 583 1519 diutius
598 1465 738 1537 grassandi
752 1466 780 1520 in
795 1481 824 1519 re
840 1464 962 1520 familiari
976 1464 1088 1520 laoulta·

131 1557 186 1605 tem
201 1555 330 1623 praestat.
361 1541 544 1620 ⁴Suspeotum
566 1549 636 1604 enirn
658 1563 719 1604 eum
740 1556 877 1623 putamus,
900 1549 946 1620 qui
967 1546 1087 1604 moribus
1106 1554 1137 1602 13

131 1632 193 1688 talis
208 1641 261 1702 est,
284 1641 315 1687 ut
328 1643 470 1705 suspectus
485 1632 520 1688 sit
529 1635 544 1686 τ’
558 1633 693 1689 enimuero
708 1641 785 1688 tutor
800 1633 841 1688 vel
856 1639 973 1702 curator,
997 1647 1088 1704 quam·

129 1718 170 1772 ris
185 1723 354 1790 pauperent,
379 1714 465 1772 fidelis
480 1722 569 1774 umen
584 1724 611 1772 et
634 1716 760 1791 diligens,
782 1715 961 1773 removendus
974 1731 1031 1772 non
1046 1722 1089 1771 est

130 1802 208 1874 quasi
224 1809 377 1874 suspectus.

445 2045 556 2096 LIBER
575 2044 773 2100 SECUNDUS.

564 2227 622 2267 um.
635 2228 656 2268 1.

404 2328 455 2379 DE
473 2328 601 2379 RERUM
617 2327 814 2381 mulsionem.

195 2462 359 2542 ⁵Superiore
373 2467 443 2525 libro
464 2467 497 2524 de
516 2469 574 2522 iure
595 2483 771 2541 personarum
792 2471 980 2542 exposuimus:
1004 2468 1085 2526 modo
1098 2471 1134 2511 1²³·

130 2553 267 2610 videamus
282 2552 316 2608 de
331 2552 421 2608 rebus.
459 2568 527 2626 quae
542 2551 584 2607 vel
605 2553 633 2607 in
654 2561 749 2609 nostro
764 2554 926 2626 patrimonio
948 2553 990 2608 vel
1011 2561 1087 2609 extra

131 2645 256 2694 nostrum
271 2637 459 2709 patrimonium
474 2634 635 2692 habentur·
646 2628 793 2708 lquaedam
808 2639 878 2693 anim
899 2636 1014 2692 naturali
1029 2638 1087 2693 iure

131 2722 283 2778 eommunia
297 2728 361 2776 sunt
377 2721 511 2792 omnium,
531 2719 660 2792 quaedam
674 2719 797 2793 publiea,
813 2720 942 2794 quasdam
958 2720 1087 2774 universi·

132 2807 210 2882 tatis,
233 2803 361 2878 quaedam
383 2803 498 2876 nullius,
520 2803 648 2877 pleraque
668 2804 853 2877 singulorum,
877 2819 946 2877 quae
960 2803 1039 2858 variis
1054 2818 1087 2858 ex

131 2891 217 2946 causis
232 2890 330 2962 oulque
345 2887 539 2961 adquiruntur,
554 2889 625 2946 siout
640 2903 673 2944 ex
683 2887 812 2944 subiectis
825 2884 974 2961 apparebit.

201 3150 221 3216 ¹)
238 3154 271 3215 of.
286 3152 343 3215 Uip.
357 3153 388 3207 L.
401 3153 426 3200 7.
438 3151 461 3212 6.
473 3152 498 3200 2.
515 3152 548 3204 D.
566 3151 598 3200 cla
614 3165 684 3215 stup.
702 3157 747 3205 tut.
767 3150 820 3214 (tt,
833 3149 884 3215 10).
939 3147 1005 3214 ἢε-
1018 3149 1049 3199 t.
1061 3151 1086 3199 2.

131 3221 163 3270 D.
180 3222 213 3270 de
229 3236 299 3283 stup.
319 3227 364 3270 tut.
383 3219 440 3282 (2⁷,
461 3219 504 3278 tu)
522 3233 558 3268 en
577 3216 635 3280 Uip.
655 3221 671 3267 l.
690 3221 703 3266 l
723 3220 755 3268 do
772 3235 836 3270 omo.
856 3219 914 3271 trib.
1012 3214 1034 3280 8)

131 3289 163 3338 L.
180 3289 205 3338 6.
222 3289 254 3340 D.
272 3288 328 3340 eod.
346 3303 380 3336 eae
400 3286 606 3336 Callistratum
624 3286 766 3349 decoquit.
868 3285 891 3347 ⁴)
907 3301 942 3328 =
959 3285 991 3335 t.
1010 3286 1034 3334 6.
1052 3285 1086 3336 D.

132 3356 187 3406 eod.
206 3370 241 3404 en
260 3355 315 3416 Uip.
333 3358 353 3404 1.
364 3356 395 3403 61
414 3355 451 3403 ad
466 3354 507 3403 ed.
577 3347 599 3415 δ)
616 3354 671 3402 init.
685 3371 719 3394 ι-
733 3353 788 3403 Gai.
807 3355 831 3414 2,
850 3355 874 3404 1.
943 3350 964 3415 α)
982 3367 1022 3414 pr.
1040 3353 1086 3414 fin.

132 3423 171 3483 56.
191 3424 213 3472 1,
232 3425 257 3472 2.
274 3422 333 3483 sere
349 3443 383 3464 τε
399 3423 433 3475 L.
451 3423 475 3471 2.
493 3421 519 3474 4.
535 3419 569 3474 D.
589 3422 620 3470 de
639 3421 710 3470 divio.
728 3436 781 3471 rer.
801 3419 840 3484 (1,
858 3418 886 3485 8)
904 3433 940 3470 σω
956 3419 1088 3473 Marciani

132 3493 147 3543 l.
165 3491 181 3539 3
198 3491 277 3539 instit.

901 3571 936 3619 31
