2500 3890
428 242 463 276 na
482 241 626 277 sociemus
643 227 695 291 ΙΙΙ,
714 229 746 276 25
765 225 829 293 (26).
1045 225 1106 289 145

152 397 231 455 saepe
247 397 328 454 opera
343 380 454 436 alicuius
468 397 518 455 pro
534 383 647 455 pecunia
664 381 742 440 valet.
780 391 808 438 et
823 381 889 438 adeo
906 390 998 438 contra
1014 381 1103 450 Quinti

151 465 228 521 Mucii
244 467 403 520 sententiam
425 465 556 536 optinuit,
579 474 609 520 ut
628 465 694 520 illud
710 482 818 539 quoque
834 468 1001 536 constiterit,
1022 483 1104 540 posse

152 551 309 620 convenire,
332 556 363 604 ut
383 550 442 621 quis
465 548 532 604 lucri
552 557 656 622 partem
677 548 761 621 ierat,
783 549 880 605 damno
901 567 955 606 non
970 558 1103 620 teneatur,

152 632 223 705 quod
251 640 278 688 et
306 635 394 706 ipsum
417 631 524 687 Servius
553 633 741 688 convenienter
763 631 813 688 sibi
835 635 1008 690 existimavit:
1031 634 1104 706 quod

152 726 239 773 tamen
255 719 292 772 ite
307 715 429 789 intellegi
445 723 568 788 oportet,
585 725 631 788 ut,
647 717 669 771 si
684 718 710 770 in
726 717 814 790 aliqua
830 734 858 772 re
873 718 993 788 lucrum,
1014 720 1041 774 in
1056 717 1103 773 ali-

152 817 202 873 qua
224 799 349 855 damnum
369 799 477 855 allatum
497 801 547 873 sit,
571 802 787 872 compensatione
808 800 893 874 iacta,
920 802 1009 857 solum
1031 801 1103 874 quod

152 893 286 958 superest,
301 884 475 956 intellegatur
486 883 552 939 lucri
569 899 637 939 esse.
668 883 735 938 lllud
747 884 899 956 expeditum
912 893 963 954 est,
979 887 1001 940 si
1012 887 1039 941 in
1052 903 1103 941 une
1121 895 1137 942 3

151 984 230 1024 causa
251 985 314 1042 pars
337 968 418 1023 luerit
441 983 583 1041 expressa,
605 967 688 1022 veluti
709 968 736 1022 in
759 968 818 1024 solo
841 969 917 1024 lucro
932 970 973 1025 vel
994 969 1022 1025 in
1044 969 1103 1025 solo

152 1052 265 1124 damno,
287 1053 315 1106 iu
337 1052 418 1107 altera
441 1067 505 1106 vero
529 1053 641 1106 omissa:
665 1053 692 1106 in
708 1067 740 1106 eo
756 1068 873 1125 quoque,
898 1053 970 1125 quod
985 1061 1104 1125 praeter·

152 1137 260 1191 missum
282 1144 338 1204 est,
361 1135 471 1190 eandem
491 1143 594 1208 partem
616 1136 723 1190 servari.
763 1131 867 1192 ¹llunet
886 1145 974 1192 autem
989 1138 1137 1194 societas4

153 1235 301 1293 eousque,
320 1219 405 1276 donec
424 1220 451 1273 in
472 1217 566 1274 eodem
582 1235 714 1274 consensu
730 1222 975 1293 perseveraverint:
1000 1228 1103 1277 etcum

153 1303 247 1376 aliquis
262 1305 454 1358 renuntiaverit
474 1302 612 1374 societati,
634 1302 749 1358 solvitur
764 1305 888 1360 societas.
923 1304 970 1360 sed
986 1304 1065 1377 plane
1080 1305 1104 1359 si

153 1389 210 1460 quis
233 1386 327 1442 callide
348 1388 376 1442 in
398 1387 451 1442 hoc
471 1387 663 1442 renuntiaverit
682 1389 821 1456 societati,
844 1398 874 1443 ut
890 1387 1033 1443 obveniens
1056 1386 1104 1443 eli·

153 1470 222 1544 quod
241 1471 346 1526 lucrum
367 1470 441 1525 solus
456 1469 566 1540 habeat,
587 1470 669 1524 veluti
684 1472 707 1524 si
723 1478 841 1526 totorum
857 1470 988 1526 bonorum
1003 1473 1103 1540 socius,

153 1571 208 1611 cum
225 1555 257 1609 ab
273 1553 364 1627 aliquo
378 1554 456 1609 heres
473 1561 544 1609 esset
559 1553 685 1622 relictus,
702 1555 728 1608 iu
744 1555 796 1609 hoc
810 1557 1001 1610 renuntiaverit
1016 1555 1103 1610 sooie-

153 1641 215 1710 tati,
239 1646 270 1694 ut
292 1637 466 1693 hereditatem
489 1637 563 1692 solus
586 1636 769 1708 lucrifaceret,
798 1639 906 1711 cogitur
927 1639 978 1694 hoc
1000 1637 1104 1694 lucrum

152 1723 362 1778 communicare:
378 1720 480 1794 siquid
496 1737 558 1775 vero
574 1721 644 1775 eliud
659 1720 843 1791 lucrifaceret,
859 1722 932 1794 quod
946 1738 1001 1778 non
1015 1731 1104 1795 capte·
1129 1735 1131 1745 ·

153 1809 234 1876 verit,
249 1805 282 1861 ad
298 1807 384 1878 ipsum
400 1803 488 1860 solum
503 1805 633 1876 pertinet:
656 1807 680 1861 ei
694 1821 774 1876 vero,
796 1806 838 1862 cui
853 1807 1037 1863 renuntiatum
1052 1814 1104 1877 est,

153 1889 281 1963 quidquid
298 1890 405 1944 omnino
422 1896 484 1962 post
498 1890 677 1944 renuntiatam
698 1890 854 1946 societatem
870 1891 1030 1963 adquiritur,
1053 1890 1104 1946 soli

152 1976 318 2030 conceditur.
357 1965 495 2027 ²Solvitur
509 1971 595 2028 adhuc
612 1975 726 2029 societas
749 1975 827 2028 etiam
844 1981 930 2029 morte
946 1975 1024 2040 socii,
1041 1974 1104 2045 quia
1122 1982 1137 2030 5

152 2060 197 2130 qni
211 2058 367 2113 societatem
384 2056 532 2118 contrahit,
557 2065 655 2111 certam
670 2073 813 2129 personam
828 2056 878 2112 sibi
894 2058 985 2131 elegit.
1015 2057 1104 2112 sedet

152 2145 173 2198 si
188 2157 324 2198 consensu
340 2140 455 2212 plurium
472 2140 586 2195 societas
601 2141 670 2196 coita
686 2141 729 2209 sit,
746 2149 832 2195 morte
848 2142 926 2195 unius
942 2141 1007 2195 socii
1023 2139 1103 2195 solvi·

153 2233 211 2296 tur,
232 2227 284 2280 etsi
304 2223 397 2297 plures
415 2225 567 2296 supersint,
589 2225 638 2277 nisi
659 2224 682 2277 si
703 2225 729 2278 in
750 2223 869 2278 coeundo
885 2225 1013 2280 societate
1028 2223 1105 2279 aliter

152 2309 314 2364 convenerit.
344 2307 409 2363 ltcm
431 2309 453 2362 si
473 2307 584 2363 alicuius
604 2310 644 2363 rei
663 2313 799 2363 contracta
821 2310 937 2364 societas
952 2309 987 2362 sit
1002 2316 1029 2362 et
1044 2304 1104 2363 finis
1123 2319 1138 2366 6

151 2395 263 2467 negotio
283 2393 426 2464 impositus
441 2398 496 2459 est,
518 2389 610 2445 finitur
631 2391 754 2446 societas.
798 2390 980 2448 Publicatione
996 2403 1137 2466 quoque‘t

152 2477 263 2532 distrahi
281 2477 436 2531 societatem
458 2473 626 2530 manifestum
646 2481 703 2544 est,
726 2474 827 2531 scilieet
847 2477 870 2531 si
891 2479 1012 2532 universa
1034 2475 1104 2532 hona

151 2561 217 2617 socii
232 2559 416 2633 publicentur:
439 2574 499 2614 nam
515 2575 575 2615 cum
596 2559 623 2612 in
644 2559 702 2613 eius
717 2557 806 2614 locum
821 2560 888 2615 alius
904 2561 1039 2630 succedit,
1054 2576 1104 2632 pro

151 2653 258 2700 mortuo
274 2642 397 2698 habetur.
434 2642 499 2696 ltem
513 2643 536 2696 si
552 2643 611 2714 quis
627 2659 659 2698 ex
679 2645 774 2711 sociis,
796 2644 865 2699 mole
881 2644 963 2700 debiti
977 2659 1102 2716 praegra·
1121 2657 1136 2704 8

150 2739 242 2798 vatus,
263 2725 340 2782 bonis
360 2727 415 2780 suis
431 2727 543 2781 cesserit
563 2733 590 2780 et
609 2725 670 2782 ideo
686 2735 797 2800 propter
812 2726 914 2799 publica
929 2736 975 2782 aut
990 2734 1103 2798 propter

150 2815 251 2885 privata
270 2809 358 2866 debita
378 2810 523 2866 substantia
545 2810 601 2864 eius
622 2819 731 2881 veneat,
752 2810 864 2864 solvitur
884 2813 1007 2866 societas.
1053 2809 1102 2864 sed

150 2897 202 2952 hoo
217 2911 280 2952 casu
295 2895 318 2948 si
333 2895 419 2950 adhuc
433 2895 602 2950 consentiant
621 2895 648 2948 in
663 2894 833 2962 societatem,
855 2911 923 2948 nova
940 2892 1046 2948 videtur
1061 2893 1102 2948 in·

151 2981 238 3053 cipere
254 2980 378 3034 societas.
409 2977 503 3032 Sooius
519 2981 593 3032 socio
615 2986 706 3032 utrum
721 2992 753 3031 eo
770 2977 876 3032 nominc
892 2984 994 3032 tantum
1011 2984 1101 3031 tenea·
1121 2991 1136 3039 9

150 3071 195 3120 tur
209 3080 260 3138 pro
275 3064 349 3118 socio
365 3064 485 3132 actione,
505 3063 528 3116 si
547 3061 610 3133 quid
626 3060 687 3116 dolo
704 3061 882 3131 commiserit,
905 3061 975 3115 sicut
995 3061 1032 3130 is,
1056 3062 1103 3130 qui

150 3148 248 3221 deponi
269 3145 339 3219 apud
361 3161 390 3201 se
411 3161 508 3219 passus
530 3152 579 3214 est,
603 3161 636 3199 au
658 3145 738 3200 etiam
760 3143 864 3216 culpae,
886 3142 913 3199 id
929 3152 971 3199 est
985 3143 1102 3199 desidiae

215 3359 435 3424 opimum.
455 3359 554 3417 3‚1⁶1·
624 3354 644 3418 ²)
663 3356 829 3416 tto-..u
848 3379 880 3399 =
900 3358 955 3408 cas.
973 3359 997 3418 a,
1011 3358 1058 3407 152
1077 3363 1102 3406 ev

150 3427 180 3484 L,
198 3429 238 3482 65.
261 3429 299 3490 ἕξ.
323 3429 346 3477 9.
374 3429 412 3476 10.
433 3429 471 3479 12.
494 3426 526 3474 D.
547 3439 596 3487 pro
620 3439 672 3477 soc.
695 3421 751 3484 (17,
773 3423 796 3488 l)
819 3441 853 3475 cm
876 3425 960 3474 Paulli
981 3428 999 3478 l.
1017 3427 1050 3476 32
1068 3426 1105 3474 od

149 3498 188 3545 ed.
205 3503 262 3545 mut.

181 3599 332 3636 1vsr1mvnu1
351 3595 548 3632 ruermvmonss.
922 3579 952 3626 10
