2472 3896
165 191 220 243 XII
560 205 716 248 ruxnsxnro.

165 346 298 403 lescentes
313 355 451 403 curatores
471 363 526 402 non
546 348 678 420 accipiunt
693 356 877 420 praeterquam
893 347 919 402 lu
934 346 1024 413 litem3
1042 361 1118 401 cura·

166 439 210 486 tor
225 432 294 486 enirn
316 439 343 486 et
364 431 396 484 ad
417 439 517 487 certam
538 447 644 486 causam
660 431 715 486 dari
730 431 833 522 potest'
849 431 887 486 ita
900 431 992 486 vertit.
992 386 1030 485 5
1053 422 1102 484 ἐ
1053 446 1118 496 ς

165 503 301 569 ὄντων’
267 531 303 569 ον
322 509 465 588 λαμβάνει
484 508 670 588 κονροὶτωρα,
693 503 772 588 εἰμὴ
787 507 847 588 ἄρα
862 507 908 570 ἐπὶ
923 510 970 569 uir
944 507 1002 569 Ιταί
1025 508 1115 591 ῥητῇ*

167 583 267 670 ἐπειδὴ
288 590 439 673 νοοράτοορ
453 590 503 652 καὶ
527 590 574 652 ἐπὶ
595 615 710 677 φανερᾳ
697 594 799 676 δίνῃ
819 592 959 653 δίδοσθαι
981 569 1116 653 55vuc5t.

165 681 218 736 hoc
233 689 285 752 est,
306 683 412 737 inverso
427 683 618 738 sententiarum
634 682 740 749 ordiue;
756 691 839 756 puto,
855 683 915 756 quia
931 679 1115 753 intellegebat,

165 765 263 820 invitos
284 764 467 821 adolescentes
492 781 546 820 non
569 773 673 821 tantum
693 767 720 821 iu
740 765 814 821 litem
829 773 966 820 curatores
987 767 1118 837 accipere.

166 847 223 903 Alia
237 864 320 920 eaque
335 847 438 904 felicior
457 849 645 922 paraphrastae
666 851 798 906 correctio
819 857 861 904 est
875 850 902 904 in
918 845 1005 903 verbis
1021 847 1050 916 ll,
1066 834 1117 920 50,

167 931 217 988 25.
248 930 335 987 ‘tutor
349 949 457 1005 quoque
471 941 562 988 certus
573 932 630 989 dari
641 933 771 1006 poterat’,
786 931 818 987 de
834 931 929 1005 quibus
944 939 1039 1006 postea
1055 947 1116 1004 age-

166 1032 234 1070 mus.
263 1016 370 1089 Insigne
385 1032 448 1071 vero
464 1016 613 1089 exemplum
629 1018 776 1090 corruptia
791 1014 940 1090 'lheophilo
955 1014 1023 1084 loci,
1038 1031 1117 1086 quem

166 1107 197 1154 ut
211 1100 291 1174 paulo
308 1098 448 1154 obscurius
464 1101 580 1171 scriptus
596 1107 668 1170 erat,
693 1116 746 1155 non
762 1098 950 1173 intellegebat,
973 1097 1082 1172 praebet
1095 1098 1117 1168 Ι,

168 1183 216 1252 11,
235 1182 263 1239 3.
301 1183 333 1238 ad
355 1199 433 1254 quern
456 1182 545 1238 locum
564 1183 623 1238 vide
645 1199 659 1237 a
681 1199 723 1238 me
734 1191 834 1241 notata.
863 1181 954 1238 Simile
970 1181 1117 1255 exemplum

137 1327 139 1332 ,
167 1265 249 1322 habes
264 1267 291 1322 in
307 1268 421 1338 epitome
437 1266 638 1322 constitutionis
653 1267 678 1336 l,
695 1266 750 1330 20,
767 1265 796 1324 5.
833 1265 878 1322 ubi
900 1283 963 1322 vero
985 1266 1117 1321 sententia

167 1351 366 1406 constitutionis
393 1358 445 1404 tam
470 1350 537 1405 male
559 1366 683 1424 expressa
708 1360 779 1422 erat,
804 1358 833 1404 ut
855 1351 904 1405 nisi
927 1356 1021 1405 nostro
1043 1365 1117 1404 more

167 1435 285 1504 uncinis,
301 1450 369 1505 quae
384 1433 571 1506 coniungenda
586 1443 614 1489 et
628 1451 696 1509 quae
711 1433 874 1506 seiungenda
889 1435 954 1503 sint,
970 1430 1116 1505 significes,

167 1517 198 1572 ab
214 1535 262 1588 eo,
284 1519 329 1590 qui
344 1518 409 1574 haec
424 1534 477 1572 non
492 1519 550 1590 ipse
565 1519 723 1590 scripserat,
739 1519 779 1573 vel
795 1519 883 1572 denuo
899 1517 1117 1573 constitutionem

167 1604 331 1674 inspexerat,
352 1614 405 1655 non
427 1617 568 1674 perperam
583 1603 665 1674 accipi
680 1619 735 1657 non
750 1609 853 1674 posset.
889 1599 960 1655 ldern
976 1599 1033 1655 iere
1048 1599 1117 1656 cadit

168 1683 308 1758 [quicquid
324 1693 416 1739 contra
432 1683 483 1738 dici
499 1682 630 1758 Reitzius)
647 1685 674 1739 in
687 1684 725 1756 ll,
742 1685 774 1756 6,
795 1701 853 1757 pr.;
875 1683 954 1739 verba
970 1685 1041 1738 enim
1056 1681 1117 1756 ‘pu-

169 1767 284 1822 tantibus
307 1766 519 1838 antiquioribus,
548 1766 662 1827 dominis
684 1765 807 1823 sulficere
829 1767 861 1822 ad
882 1766 1052 1838 inquirendas
1073 1782 1117 1822 res

167 1865 228 1906 suas
244 1850 361 1924 praelata
378 1850 518 1924 tempora'‚
541 1865 656 1923 quorum
677 1867 769 1906 verum
790 1865 899 1906 sensum
921 1849 1025 1924 virgula
1046 1866 1117 1905 ame

167 1935 325 2007 interposita
340 1933 470 2004 ostendit,
492 1935 529 1990 ita
550 1936 682 2007 interpres
703 1937 789 2010 cepit,
805 1943 834 1989 ut
850 1933 1068 2007 ‘antiquioribus'
1090 1941 1118 1989 et

168 2018 306 2073 ‘dominis'
323 2019 507 2089 coniungeret.
545 2017 628 2072 Etiam
642 2020 717 2092 peius
733 2019 829 2074 erravit
843 2018 881 2088 ll,
898 2017 933 2088 3,
949 2017 995 2090 1.,
1010 2018 1056 2073 ubi
1071 2017 1117 2072 de·

167 2109 276 2174 ceptus,
298 2108 328 2156 ut
343 2100 463 2172 videtur,
485 2101 580 2156 initiali
594 2101 688 2157 vocula
710 2101 798 2157 ‘item'
822 2093 869 2179 (de
890 2118 942 2174 qua
956 2101 1008 2156 vid.
1031 2095 1117 2176 not),

167 2185 247 2240 verba
260 2185 305 2241 illa
320 2181 364 2240 ‘ut
383 2185 485 2238 vicinos
507 2201 588 2240 onera
608 2187 685 2242 vicini
699 2185 854 2256 sustineat',
877 2201 945 2258 quae
967 2185 1117 2258 exemplum

168 2277 231 2323 sunt
245 2269 382 2323 servitutis
396 2269 565 2342 praediorum
581 2267 751 2336 urbanorum,
768 2286 817 2342 pro
829 2270 1008 2342 descriptione
1024 2270 1117 2324 harum

167 2352 413 2423 servitutumcepit.
432 2351 524 2424 ltaque
532 2353 745 2409 nescroanettam
754 2353 857 2425 quodl
865 2353 894 2421 5
901 2352 930 2409 3
945 2370 995 2426 pro
1003 2350 1118 2425 exlege

167 2435 240 2490 luuia
251 2433 403 2488 Norbana'
395 2450 422 2488 1n
433 2436 601 2509 paraphrasis
612 2436 806 2508 exemplaribus
819 2445 860 2490 est
871 2427 929 2491 ἀπὸ
943 2427 1034 2510 νόμον
1043 2429 1118 2491 ’-Ιον

167 2509 1118 2596 νΙοοούρβανοῦΙοοΙοΙΙΙοάΙΙοΙΙΙΙοοΙΙΙΙΙοΙΙΙεΙοοΙΙΙΙΙΙΙΙΙΙριΙΙΙΙοΙ,οΙΙΙΙΙ

168 2604 225 2676 ipse
245 2601 426 2674 Theophilus,
449 2617 528 2675 quem
548 2603 635 2676 legem
654 2603 753 2657 luciam
774 2609 875 2658 tautum
897 2606 1002 2660 novisse
1024 2621 1055 2660 ex
1074 2603 1117 2674 ΙΙΙ,

169 2685 203 2758 t,
219 2683 247 2740 4.
277 2694 360 2758 patet,
377 2685 451 2740 lacrle
466 2694 560 2758 putare
575 2687 710 2758 potuerit
726 2685 851 2742 urbanam
867 2703 940 2760 eam,
955 2687 1070 2742 fortasse
1085 2684 1118 2738 ab

167 2768 233 2824 urbe
248 2769 370 2842 antiqua,
390 2771 418 2824 iu
438 2785 488 2840 qua
509 2770 617 2841 proprie
638 2785 668 2824 ea
683 2768 726 2824 lex
740 2768 865 2840 valuerit,
888 2771 931 2826 hic
946 2769 1042 2824 dictam
1058 2781 1118 2820 esse

168 2869 317 2925 quanquam
332 2869 387 2907 non
402 2851 542 2908 dissimulo
557 2867 606 2906 uec
621 2867 706 2925 nego,
729 2851 789 2908 auh
803 2853 838 2924 ΙΙ
855 2854 889 2924 6,
905 2853 932 2910 3.
960 2850 1046 2921 legem
1059 2848 1118 2901 Ati·

168 2938 237 2991 niam
248 2929 373 2990 Arcicov
388 2943 415 2990 et
430 2935 462 3006 ΙΙ
478 2934 528 3004 13,
545 2933 573 2990 2.
600 2933 700 2990 lunlam
713 2934 834 2991 Vellerarn
847 2928 970 2991 Ιοολιον
983 2949 1033 2986 και
1024 2924 1118 2986 Bel

168 3019 247 3074 λειον
261 3014 353 3092 νόμον
366 3020 479 3091 scriptas
501 3031 533 3074 ex
548 3017 671 3073 audiendi
691 3019 791 3075 scilicet
806 3021 870 3075 vitio
885 3016 999 3072 librariis
1015 3015 1116 3073 deberi.

168 3101 286 3175 lienique
301 3101 450 3174 exemplum
466 3103 581 3170 erroris,
604 3117 635 3156 ex
655 3103 719 3158 vitio
741 3102 887 3176 apographi
902 3102 1022 3175 priorum
1036 3100 1118 3156 libro·

167 3202 236 3256 rum,
252 3202 307 3260 quo
322 3184 486 3257 Theophilus
502 3184 641 3256 utebatur,
664 3188 717 3242 orti
737 3196 764 3242 et
778 3193 870 3259 postea
891 3183 996 3240 demum
1011 3185 1038 3240 ΙΙΙ
1052 3186 1118 3260 ipsis

166 3267 382 3324 institutionibus
404 3271 517 3324 correcti
533 3268 712 3324 demonstravi
727 3271 759 3324 ad
774 3269 805 3338 ΙΙ,
823 3267 869 3330 15,
885 3267 914 3325 4.
945 3269 1016 3342 quod
1031 3285 1119 3326 exem-

131 3399 134 3406 .
167 3350 240 3427 plum
252 3353 331 3407 etiarn
343 3349 491 3423 coufirmat,
503 3353 676 3426 paraphrasin
689 3361 749 3408 ante
762 3351 845 3408 editas
858 3352 1041 3411 institutiones
1053 3369 1119 3411 con-

167 3434 262 3490 fectam
278 3451 346 3493 esse.
