2500 3890
316 233 351 267 ns
367 233 424 280 urs,
441 233 494 269 ren
512 231 582 276 euos
599 232 688 268 nourr
706 232 841 269 rossuuue
859 217 906 278 IV,
926 221 965 269 10.
1059 215 1119 281 185

163 382 256 448 potest
275 373 372 429 animal
393 373 515 428 iniuriam
537 371 633 428 iecisse
653 373 720 444 dici,
741 373 813 446 qnod
828 390 911 430 sensu
925 380 1008 431 caret.
1052 373 1119 448 haec

164 457 237 530 quod
253 457 285 512 ad
301 457 424 513 noralem
439 458 571 512 actionem
587 458 715 530 pertinet.

227 539 353 597 Ceterum
365 538 505 597 sciendum
516 539 695 604 est,aedilieio
707 540 795 596 edicto
807 539 945 614 prohiberi
956 555 1116 610 noscerem,
1136 547 1150 595 1

166 641 280 696 verrem,
296 641 407 698 aprum,
422 640 531 694 ursum,
546 624 652 679 leonem
667 621 702 679 ihi
717 623 825 694 habere,
841 641 892 697 qna
907 623 990 698 vulgo
1007 625 1057 681 iter
1072 621 1116 678 fit:

165 709 233 766 etsi
254 708 382 764 adversus
402 722 433 763 ea
455 707 556 763 iactum
576 708 627 763 erit
649 714 677 762 et
696 709 816 763 nocitum
836 707 938 763 homini
957 708 1041 764 libero
1057 723 1117 764 esse

164 792 283 862 dicetur,
300 790 374 865 quod
388 791 488 847 bonnm
503 798 530 846 et
545 806 660 864 aequum
674 790 755 846 iudici
770 790 890 861 videtur,
913 792 979 846 tanti
994 791 1118 852 dominus

164 876 375 944 condemnetur,
397 884 546 931 ceterarum
568 889 673 943 rerum,
698 876 790 946 quanti
812 874 937 930 damnum
960 874 1051 930 datum
1071 875 1118 945 sit,

164 959 250 1034 dupli.
287 966 394 1032 praeter
413 959 461 1013 has
483 966 573 1013 autem
595 958 727 1014 aedilicias
746 959 865 1014 actiones
887 966 915 1014 et
937 957 969 1013 de
991 959 1118 1030 pauperie

165 1044 255 1099 locum
270 1041 392 1098 habebit=
414 1034 579 1114 ¹numquam
599 1043 670 1097 enim
684 1043 803 1099 actiones
817 1042 974 1114 praesertim
991 1041 1118 1114 poenales

165 1127 200 1184 de
214 1126 306 1183 eadem
320 1142 350 1182 re
364 1133 556 1182 concurrentes
571 1124 622 1181 alia
636 1125 712 1180 aliam
728 1127 871 1184 consumit.

593 1369 652 1409 utu.
665 1370 694 1411 X.

293 1471 343 1523 on
360 1470 437 1535 mre,
453 1471 524 1522 ren
543 1469 638 1533 Quos
656 1469 777 1522 nonne
794 1469 993 1522 posennus.

231 1607 326 1668 ²Nune
345 1608 504 1666 admouendi
524 1624 631 1679 sumus,
652 1625 732 1683 agere
751 1626 833 1683 posse
848 1609 994 1681 quemlibet
1009 1616 1055 1665 aut
1069 1624 1119 1664 sno
1133 1626 1168 1666 er.

168 1698 276 1752 nomine
292 1702 339 1750 ant
354 1694 451 1750 alieno.
488 1691 575 1748 alieno
590 1692 673 1748 veluti
687 1695 887 1766 procuratorio,
908 1693 1030 1764 tntorio,
1045 1709 1121 1748 cura·

167 1781 256 1850 torio,
279 1794 340 1834 cum
363 1777 426 1832 olim
448 1779 475 1832 in
497 1793 548 1830 usu
570 1775 682 1846 luisset,
705 1778 814 1834 alterius
836 1779 943 1833 nomine
965 1793 1044 1851 agere
1066 1792 1120 1832 non

168 1879 250 1938 posse
270 1863 320 1918 nisi
340 1877 390 1934 pro
412 1860 531 1934 populo,
552 1877 602 1934 pro
622 1859 761 1931 libertate,
780 1877 830 1935 pro
846 1861 939 1917 tutela.
983 1869 1121 1933 praeterea

168 1947 230 2021 lege
250 1945 363 2001 Hostilia
381 1945 542 2017 permissum
562 1952 604 1999 est
624 1944 690 2001 iurti
711 1961 790 2020 agere
811 1961 905 2000 eorum
924 1947 1047 2010 nornine,
1075 1944 1127 2014 qui·

170 2029 239 2104 apud
260 2029 352 2084 hostes
374 2036 465 2084 essent
487 2034 534 2082 ant
553 2029 592 2082 rei
613 2027 733 2101 publicae
756 2045 833 2084 causa
855 2027 981 2084 abessent
1002 2028 1079 2099 quive
1094 2028 1121 2081 in

170 2129 263 2170 eorum
279 2114 355 2167 cuius
369 2112 455 2167 tutela
474 2118 573 2166 essent.
618 2118 646 2165 et
661 2113 721 2182 quia
736 2110 788 2165 hoc
802 2127 857 2166 non
871 2111 1004 2164 minimam
1019 2109 1121 2164 incom-

170 2196 325 2253 moditatem
346 2193 475 2264 habebat,
497 2193 570 2266 quod
591 2193 677 2248 alieno
698 2195 805 2248 nomine
826 2209 914 2266 neque
933 2209 1014 2266 agere
1033 2208 1122 2265 neque

170 2281 292 2354 excipere
306 2280 437 2334 actionem
448 2276 554 2352 licebat,
567 2284 715 2351 coeperunt
730 2276 853 2332 homines
867 2293 917 2349 per
931 2284 1121 2349 procuratores

170 2364 289 2436 litigare:
312 2379 372 2416 nam
395 2370 422 2416 et
444 2359 553 2416 morbus
576 2369 604 2415 et
624 2369 696 2416 aetas
718 2369 745 2416 et
768 2361 917 2416 necessaria
939 2360 1121 2433 peregrinatio

170 2449 290 2520 itemque
318 2446 384 2501 aliae
407 2444 505 2499 multae
524 2460 620 2499 causae
647 2459 726 2517 saepe
746 2445 936 2518 impedimento
958 2452 1038 2515 sunt,
1066 2459 1120 2516 qno

171 2533 260 2587 minus
275 2546 332 2585 rem
343 2544 417 2584 suam
432 2529 484 2600 ipsi
496 2529 605 2600 exsequi
616 2530 731 2600 possint.
760 2527 922 2585 Procurator
937 2544 1025 2599 neque
1040 2527 1120 2584 certis
1140 2540 1154 2587 1

172 2613 258 2670 verbis
270 2629 358 2684 neque
372 2620 514 2685 praesente
526 2611 693 2684 adversario,
708 2613 788 2667 immo
803 2611 963 2685 plerumque
977 2613 1121 2684 ignorante

171 2716 204 2754 eo
226 2698 415 2754 constituitur:
437 2696 595 2766 cuicumque
616 2695 687 2751 euim
707 2697 858 2769 permiseris
881 2711 938 2750 rem
955 2702 1026 2749 tuam
1040 2709 1121 2766 agere

172 2789 219 2838 aut
229 2780 382 2850 defendere,
397 2780 419 2834 is
430 2786 592 2852 procurator
604 2779 778 2852 intellegitur.
801 2771 933 2833 ³l'utores
944 2786 971 2832 et
983 2785 1123 2834 curatores
1139 2793 1155 2840 2

172 2863 395 2939 quemadmodum
409 2863 627 2932 constituuntur,
642 2865 729 2936 primo
744 2861 814 2917 libro
827 2862 977 2935 expositum
994 2869 1045 2916 est.

240 3141 260 3206 ¹)
277 3163 311 3184 ¹=
323 3143 354 3191 L.
374 3143 430 3195 130.
449 3141 481 3195 D.
499 3142 531 3191 de
548 3157 603 3206 rep.
620 3143 668 3194 ier.
688 3139 739 3202 (50,
753 3139 795 3204 17)
812 3157 847 3206 ecc
865 3143 921 3192 eod.
942 3140 999 3205 (lep.
1017 3143 1034 3191 l.
1103 3138 1125 3205 ²)

171 3214 227 3262 init.
244 3212 302 3272 sere
319 3230 352 3250 ε
372 3207 426 3260 Gai.
444 3211 469 3270 4,
488 3208 529 3263 82.
598 3207 619 3270 ³)
636 3209 694 3271 sere
711 3229 744 3250 ==
763 3208 819 3258 Gai.
838 3211 862 3271 4,
881 3211 922 3260 85.
