2492 3896
487 242 522 276 nn
542 241 656 278 rucanas
674 227 710 290 lI,
728 230 768 278 20.
1064 226 1105 290 85

146 381 250 456 quodsi
271 384 300 438 in
320 381 389 438 diem
410 381 451 438 vel
473 379 524 437 snb
540 382 697 438 condicione
712 381 831 439 debitum
846 383 870 438 el
884 399 952 457 pure
966 382 1102 456 legaverit,

146 466 218 522 utile
229 474 271 522 est
279 465 399 539 legatum
411 473 525 539 propter
536 466 818 537 repraesentationem.
848 466 944 539 quodsi
955 467 1013 522 vivo
1024 474 1104 522 testa·

146 560 211 607 tore
232 549 289 605 dies
304 551 408 605 venerit
427 557 473 605 aut
495 548 617 605 condicio
633 549 765 619 extiterit,
787 549 946 624 Papinianus
966 542 1102 624 scripsit,¹

146 633 219 690 utile
234 649 294 688 esse
307 633 393 689 nihilo
409 634 496 687 minus
507 632 636 705 legatum,
652 634 713 705 qula
729 633 812 689 semel
826 636 959 696 constitit.
989 633 1060 706 quod
1076 641 1104 690 et

146 733 244 774 verum
255 725 308 772 est:
325 732 380 772 non
395 717 465 771 enim
477 715 577 789 placuit
586 718 719 772 sententia
729 716 946 789 existimantium,
958 718 1103 773 extinctum

147 817 212 858 esse
227 801 356 874 legatum,
372 801 434 873 quia
447 800 475 854 iu
490 814 547 855 eam
562 816 666 856 causam
677 801 809 873 pervenit,
824 817 838 855 a
853 817 905 874 qua
918 802 1036 874 incipere
1050 817 1104 856 non

146 892 253 960 potest.
285 883 337 940 Sed
360 885 383 939 si
397 883 475 938 uxori
495 883 606 938 maritus
621 883 712 940 dotem
728 882 873 957 legaverit,
892 884 962 940 valet
975 884 1105 957 legatum,
1123 873 1155 922 ¹5

148 970 216 1042 quia
230 967 336 1041 plenius
352 976 393 1023 est
408 966 527 1040 legatum
543 982 621 1039 quam
634 967 666 1023 de
676 967 740 1023 dote
751 969 830 1023 aetio.
861 966 907 1022 sed
923 968 944 1022 si
958 984 1036 1039 quam
1051 983 1105 1023 nou

148 1053 287 1124 acceperit
301 1050 392 1106 dotem
404 1049 545 1124 legaverit,
561 1049 613 1105 divi
624 1051 739 1106 Severus
750 1059 778 1106 et
792 1051 944 1107 Antoninus
959 1051 1105 1123 rescripse-

148 1143 233 1204 runt,
249 1135 272 1190 si
287 1133 394 1208 quidem
409 1134 566 1207 simpliciter
580 1133 725 1208 legaverit,
747 1135 842 1191 inutile
858 1151 917 1191 esse
935 1133 1067 1207 legatum:
1083 1135 1106 1188 si

148 1236 216 1276 vero
231 1227 304 1274 certa
322 1219 434 1291 pecunia
450 1217 492 1273 vel
512 1225 615 1273 certum
636 1235 734 1292 corpus
753 1226 799 1274 aut
813 1219 1019 1274 instrumentum
1036 1217 1106 1272 dotis

149 1305 181 1359 in
191 1301 371 1376 praelegendo
383 1301 565 1357 demonstrata
577 1310 649 1370 sunt,
665 1302 752 1357 valere
764 1302 892 1376 legatum.
923 1301 951 1358 Si
962 1318 1005 1357 res
1016 1301 1106 1375 legata
1125 1309 1155 1357 to

150 1388 212 1442 sine
227 1385 299 1441 lacto
314 1385 420 1440 heredis
435 1385 557 1459 perierit,
571 1385 701 1458 legatario
713 1384 827 1441 decedit.
854 1393 882 1441 et
896 1387 919 1441 si
933 1401 1028 1440 servus
1043 1385 1106 1441 alie·
1202 1455 1205 1460 Ι

149 1487 205 1526 nus
219 1469 327 1543 legatus
342 1469 399 1524 sine
414 1467 485 1524 iacto
500 1467 606 1523 heredis
621 1469 797 1524 manumissus
812 1467 909 1538 luerit,
929 1485 984 1523 non
999 1475 1107 1523 tenetur

149 1555 243 1610 heres.
272 1553 370 1608 sivero
382 1551 488 1608 heredis
500 1568 594 1606 servus
613 1551 718 1624 legatus
734 1551 816 1606 luerit
832 1561 860 1608 et
873 1553 930 1624 ipse
942 1567 1001 1607 eum
1014 1566 1106 1606 mann-

150 1637 267 1709 miserit,
283 1635 370 1691 teneri
385 1651 454 1704 eum,
471 1635 588 1690 lulianus
603 1635 722 1708 scripsit,
738 1629 806 1692 ²nec
821 1637 948 1704 interest,
968 1635 1059 1690 scierit
1073 1651 1106 1689 an

150 1721 326 1794 ignoraverit,
342 1735 357 1774 a
371 1733 400 1774 se
414 1718 532 1792 legatum
549 1735 618 1776 esse.
647 1718 695 1774 sed
710 1725 738 1774 et
751 1719 775 1774 si
789 1718 833 1774 alii
848 1718 986 1774 donaverit
1000 1733 1105 1773 servum

151 1813 182 1860 et
196 1805 231 1875 is,
246 1806 289 1858 cui
300 1803 417 1858 donatus
432 1810 482 1872 est,
499 1817 559 1857 eum
576 1803 773 1878 manumiserit,
789 1809 897 1858 tenetur
910 1803 999 1871 heres,
1015 1817 1106 1874 qnam·

150 1888 193 1943 vis
214 1887 394 1958 ignoraverit,
411 1901 469 1941 ase
492 1902 551 1941 eum
573 1885 692 1960 legatum
707 1902 775 1942 esse.
805 1885 833 1941 Si
848 1887 909 1959 quis
923 1886 1030 1942 ancillas
1045 1902 1105 1942 cnm
1125 1892 1154 1940 ta

152 1972 211 2027 suis
227 1972 295 2025 natis
310 1969 456 2043 legaverit,
479 1970 582 2024 etiamsi
602 1968 712 2025 ancillae
732 1975 854 2025 mortuae
874 1969 989 2041 luerint,
1011 1977 1106 2043 partus

151 2055 245 2128 legato
260 2053 369 2110 cedunt.
400 2052 470 2108 idem
485 2061 542 2124 est,
563 2055 585 2108 si
601 2053 727 2108 ordinarii
747 2053 816 2108 servi
832 2068 892 2108 cunr
907 2053 1009 2108 vicariis
1024 2052 1107 2125 legati

151 2137 270 2208 inerint,
290 2130 352 2207 ιιῑ,3
372 2137 436 2192 licet
455 2137 554 2192 mortui
574 2137 628 2191 sint
644 2135 788 2205 ordinarii,
807 2143 896 2190 tamen
911 2136 1002 2191 vicarii
1016 2135 1106 2208 legato

153 2221 258 2278 cedant.
288 2219 336 2276 sed
348 2221 371 2276 si
381 2236 474 2276 servus
488 2236 548 2275 eum
563 2219 668 2292 peculio
680 2217 761 2274 luerit
775 2219 891 2292 legatus,
907 2226 1014 2274 mortuo
1029 2235 1107 2273 servo

153 2306 197 2361 vel
218 2305 385 2360 manumisso*
402 2303 444 2359 vel
466 2303 598 2374 alienato,
620 2310 648 2358 et
669 2302 766 2375 peculii
785 2301 903 2375 legatum
928 2303 1106 2375 extinguitur.

152 2389 225 2445 idem
244 2394 303 2458 est,
326 2389 349 2443 si
370 2385 470 2442 lundns
491 2386 639 2442 instructus
661 2386 701 2441 vel
721 2401 782 2440 cum
802 2387 981 2443 instrumento
1003 2387 1107 2460 legatus

153 2473 250 2529 lucritz
266 2487 326 2527 nam
341 2471 426 2526 lundo
442 2470 556 2526 alienato
571 2478 599 2525 et
613 2470 784 2524 instrumenti
799 2468 917 2544 legatum
932 2472 1108 2545 extinguitur.

153 2557 183 2612 Si
206 2571 271 2629 grex
292 2555 398 2628 legatus
420 2553 503 2609 fuerit
524 2562 672 2626 posteaque
692 2552 725 2607 ad
747 2569 826 2609 unam
848 2571 923 2611 ovem
945 2556 1107 2629 pervenerit,
1127 2558 1157 2608 18

153 2639 228 2714 quod
243 2637 422 2712 superfuerit,
443 2636 571 2693 vindicari
586 2643 687 2711 potest.
717 2635 804 2710 Grege
818 2647 907 2694 autem
922 2638 1012 2712 legato
1028 2639 1107 2694 etiam
1127 2642 1157 2690 le

153 2740 198 2780 eas
221 2738 298 2791 oves,
328 2736 396 2795 quae
421 2727 484 2794 post
505 2728 694 2776 testamentum
722 2721 819 2777 iactum
849 2722 925 2795 gregi
948 2722 1108 2790 adiciuntur,

153 2807 245 2880 legato
261 2805 370 2875 cedere,
390 2804 506 2859 lulianus
522 2805 572 2860 ait:
593 2820 652 2860 esse
667 2805 736 2860 enim
758 2804 851 2878 gregis
866 2820 948 2858 unum
963 2820 1062 2877 eorpus
1077 2819 1109 2857 ex

154 2889 315 2946 distantibus
331 2887 471 2961 capitibus,
485 2887 565 2944 sicuti
580 2887 686 2943 aedium
702 2904 783 2944 unum
796 2903 894 2960 corpus
910 2894 952 2942 est
966 2901 998 2942 ex
1013 2886 1107 2942 cohae-

153 2973 276 3030 rentibus
291 2970 439 3046 lapidibus:
461 2969 571 3026 aedibns
586 2970 702 3044 denique
716 2970 831 3044 legatis,
846 2968 983 3025 columnas
998 2978 1026 3025 et
1040 2985 1108 3024 mar·

153 3075 240 3125 mora,
248 3073 315 3130 quae
327 3062 586 3128 posttestamentum
597 3054 695 3110 lactum
709 3053 809 3110 adiecta
820 3052 991 3126 sunt,legato
1004 3052 1107 3109 cedere.

153 3141 182 3196 Si
197 3139 333 3214 peculium
347 3140 468 3212 legatum
482 3137 579 3208 fuerit,
601 3139 659 3192 sine
674 3137 755 3193 dubio
770 3135 901 3211 quidquid
915 3136 1020 3211 peculio
1036 3153 1109 3193 acee-
1127 3141 1159 3191 20

224 3351 243 3414 ¹)
261 3352 295 3402 u.
313 3353 338 3402 o.
358 3353 390 3403 o.
411 3353 447 3402 aa
462 3354 479 3404 r.
497 3351 567 3405 nara.
586 3351 641 3414 (aa,
658 3349 694 3414 a).
773 3347 796 3415 ²)
865 3351 898 3400 n.
919 3351 974 3399 112.
993 3349 1016 3410 e.
1036 3351 1060 3399 1.
1078 3350 1110 3400 n.

152 3423 186 3472 de
204 3423 253 3484 leg.
272 3420 295 3472 1.
315 3435 350 3468 em
367 3419 498 3468 Marciani
514 3420 558 3469 ἱ.6
576 3419 655 3467 instit.
724 3413 745 3480 ³)
763 3419 864 3482 putatam
881 3417 955 3470 codd.
973 3417 1049 3480 inser.
1068 3418 1109 3468 ed.

151 3487 203 3539 Kr.
223 3491 251 3537 et
269 3485 419 3551 (posteaque
436 3485 543 3547 cedunt)
563 3486 603 3534 ed.
622 3483 695 3538 Scbr.
713 3500 748 3535 eac
766 3486 824 3535 attia
842 3487 916 3536 codd.
