2500 3890
177 203 237 267 160
427 221 457 256 vr
474 221 605 257 nouosurr
623 221 767 256 aaaronurr
784 206 831 266 1v‚
850 209 875 260 2.

168 360 322 428 amovendo
338 360 439 416 lurtum
452 361 539 419 iaciat.
567 370 594 418 et
609 361 705 434 placet,
722 363 783 434 quia
798 361 900 417 lurtum
912 360 1049 416 erallectn
1064 375 1137 416 con·

176 446 259 513 sistit,
276 446 313 499 ita
328 444 434 500 demum
449 443 560 518 obligari
576 462 609 502 eo
624 446 734 502 crimine
748 444 930 518 impuberem,
952 445 976 499 si
991 445 1137 517 proximus

76 520 165 588 19(2¹)
177 527 313 602 pubertati
334 529 369 583 sit
388 537 416 584 et
437 528 471 584 ob
492 528 519 583 id
540 529 695 603 intellegat,
717 546 746 584 se
767 529 932 602 delinquere.
963 528 1039 583 Furti
1059 529 1136 583 actio

175 614 230 668 sive
242 611 316 685 dupli
332 613 388 667 sive
400 613 540 686 quadrupli
554 620 657 669 tanturn
673 612 704 668 ad
722 629 825 686 poenae
836 613 1051 686 persecutionem
1067 628 1136 684 per-

176 697 257 752 tinet:
274 712 333 751 nam
346 696 430 770 ipsius
447 698 485 752 rei
497 699 712 770 persecutionem
725 699 891 752 extrinsecus
903 695 983 752 habet
995 696 1136 764 dominus,

175 795 254 852 quam
269 788 315 835 aut
329 779 487 836 vindicando
508 789 555 836 aut
575 780 740 836 condicendo
756 789 846 854 potest
861 781 977 836 aulerre.
1008 779 1056 835 sed
1071 780 1134 834 vin-

174 862 270 919 dicatio
282 862 389 936 quidem
406 863 534 920 adversus
552 880 737 937 possessorem
753 873 806 937 est,
815 866 871 920 sive
882 864 926 920 lnr
937 865 995 936 ipse
1008 862 1133 937 possidet

174 947 230 1002 sive
242 947 308 1002 alius
321 947 444 1020 quilibet:
462 948 596 1004 condictio
609 957 697 1018 autern
711 947 837 1004 adversus
849 950 937 1022 ipsum
949 947 1037 1003 iurem
1052 947 1133 1002 here·

174 1028 267 1088 demve
282 1033 349 1098 eins,
365 1031 429 1088 licet
444 1047 498 1088 non
514 1031 666 1105 possideat,
683 1034 820 1105 competit.

599 1244 657 1284 ΤΙΤ.
671 1244 704 1285 11.

420 1328 460 1378 VI
476 1327 651 1380 Bonosum
668 1329 876 1383 RAPTORUM.

124 1461 160 1504 1³2.
238 1443 306 1518 ¹Qui
325 1467 369 1506 res
392 1451 490 1507 alienas
509 1453 595 1525 rapit,
618 1459 724 1507 tenetur
744 1450 849 1524 quidem
871 1452 949 1506 etiam
972 1449 1038 1506 lurti
1054 1445 1131 1526 (quis

174 1535 243 1591 enim
265 1536 349 1607 magis
371 1535 481 1590 alienam
503 1552 557 1591 rem
575 1536 656 1591 invito
672 1534 781 1591 domino
797 1542 964 1603 contrectat,
986 1549 1068 1606 quam
1084 1535 1130 1606 qni

174 1619 200 1674 vi
210 1619 296 1692 rapiti
308 1618 422 1691 ideoque
439 1628 513 1676 recte
523 1618 623 1675 dictum
637 1628 689 1690 est,
702 1635 762 1674 eum
775 1618 925 1691 improbum
937 1617 1026 1674 iurem
1037 1609 1130 1696 esse):

174 1702 222 1757 sed
234 1711 322 1756 tamen
332 1703 467 1775 propriam
485 1704 616 1758 actionem
631 1704 688 1758 eius
701 1701 791 1757 delicti
803 1703 910 1757 nomine
923 1711 1032 1775 praetor
1044 1703 1131 1756 intro·

174 1784 260 1854 duxit,
275 1801 343 1857 quae
358 1785 509 1858 appellatur
519 1787 544 1840 vi
557 1784 687 1840 bonorum
700 1794 837 1858 raptorum
854 1794 880 1840 et
893 1793 935 1841 est
946 1785 1015 1840 intra
1031 1801 1130 1840 annum

174 1867 332 1941 quadrupli,
356 1876 419 1941 post
434 1885 532 1924 annum
548 1867 645 1941 simpli.
684 1884 752 1942 quae
767 1871 837 1924 actio
854 1869 928 1924 utilis
944 1877 1002 1942 est,
1026 1870 1131 1924 etiamsi

175 1953 234 2025 qnis
249 1967 328 2007 unam
343 1968 416 2022 rem,
432 1951 495 2007 licet
510 1953 659 2023 minimam,
675 1953 805 2025 rapuerit.
843 1952 1023 2026 quadruplum
1039 1960 1132 2008 autem

174 2052 229 2091 non
244 2044 331 2092 totum
346 2052 432 2109 poena
447 2043 489 2092 est
503 2044 530 2091 et
546 2043 619 2091 extra
635 2051 746 2109 poenam
768 2038 807 2092 rei
822 2039 992 2110 persecutio,
1016 2038 1088 2092 sicut
1104 2038 1131 2091 in

115 2130 118 2141 ‘
174 2121 280 2176 actione
302 2121 366 2175 lurti
386 2121 518 2176 manifesti
538 2118 667 2175 diximus:
690 2120 736 2175 sed
752 2121 780 2175 in
796 2119 944 2194 quadruplo
960 2121 1031 2175 inest
1047 2128 1075 2176 et
1091 2121 1131 2176 rei

174 2206 341 2278 persecutio,
363 2212 392 2258 nt
407 2219 492 2277 poena
509 2203 581 2276 tripli
597 2205 648 2273 sit,
664 2205 718 2259 sive
733 2205 978 2277 comprehendatur
992 2213 1088 2277 raptor
1103 2205 1131 2260 in
1229 2213 1230 2228 ¹

119 2296 121 2308 ·
174 2289 233 2360 ipso
250 2287 347 2344 delicto
364 2289 418 2342 sive
435 2304 497 2345 non.
528 2286 669 2342 ridiculum
685 2288 821 2357 estenim,
837 2287 944 2343 levioris
960 2287 1130 2344 ossecondi-
1229 2291 1230 2296 ’

143 2369 155 2414 1
175 2371 261 2426 olonis
275 2387 352 2441 eum,
373 2371 420 2442 qui
435 2373 459 2426 vi
474 2372 559 2444 rapit,
574 2387 653 2442 quam
669 2372 714 2444 qui
730 2370 795 2426 clam
812 2379 925 2427 amovet.
957 2370 1023 2439 Quia
1038 2381 1130 2428 tamen

174 2454 210 2508 ita
230 2455 358 2527 competit
378 2454 445 2509 haec
464 2455 549 2524 actio,
571 2455 595 2509 si
616 2453 679 2510 dolo
700 2454 769 2509 malo
790 2456 905 2527 quisque
925 2456 1059 2528 rapuerit:
1081 2457 1130 2526 qui

174 2536 265 2610 aliquo
281 2553 373 2592 errore
388 2536 530 2607 inductus,
545 2555 620 2594 suam
634 2555 691 2593 rem
706 2554 782 2608 esse,
798 2548 825 2594 et
840 2538 996 2611 imprudens
1012 2539 1079 2594 iuris
1096 2555 1130 2594 eo
1228 2597 1229 2600 ,

175 2623 263 2676 animo
284 2623 387 2694 rapuit,
410 2622 485 2694 quasi
503 2621 611 2677 domino
632 2622 710 2677 liceat
729 2638 786 2677 rem
806 2638 881 2678 suam
903 2625 982 2678 etiam
1003 2638 1053 2695 per
1076 2623 1130 2677 vim
1228 2613 1229 2687 ξ

174 2705 281 2760 anferre
300 2704 519 2778 possessoribus,
541 2704 642 2761 absolvi
662 2705 751 2761 debet.
788 2707 830 2761 oui
846 2706 949 2762 seilicet
964 2707 1129 2761 conveniens

175 2798 232 2858 est,
252 2805 303 2846 nec
319 2789 383 2846 lurti
407 2791 491 2844 teneri
506 2805 580 2860 eum,
604 2789 650 2862 qui
670 2789 764 2844 eodem
780 2791 832 2844 hoc
848 2791 935 2846 animo
951 2791 1050 2862 rapuit.
1082 2789 1130 2845 sed

174 2889 218 2943 ne,
234 2872 297 2927 dum
313 2873 374 2928 talia
389 2874 595 2946 excogitentur,
610 2874 760 2928 inveniatur
775 2874 825 2946 via,
842 2889 890 2947 per
906 2889 986 2945 quam
1003 2881 1129 2946 raptores

173 2957 282 3029 impune
301 2973 376 3012 suam
397 2966 538 3012 exerceant
559 2958 709 3012 avaritiam:
731 2955 826 3011 melius
848 2956 978 3013 divalibus
994 2958 1128 3012 constitu·

172 3035 309 3096 tionibus²
330 3057 379 3113 pro
400 3041 449 3096 hac
469 3047 544 3114 parte
565 3046 738 3113 prospectum
759 3047 816 3110 est,
838 3049 867 3096 ut
887 3041 987 3096 nemini
1010 3040 1089 3096 liceat
1105 3042 1128 3094 vi
1227 3041 1228 3072 l

174 3139 267 3196 rapere
277 3140 333 3179 rem
351 3123 476 3180 mobilem
493 3124 534 3180 vel
549 3140 578 3179 se
594 3131 756 3193 moventem,
773 3122 835 3178 licet
851 3141 927 3180 suam
943 3123 1056 3179 eandem
1072 3139 1126 3178 rem

173 3209 319 3263 existimet:
339 3206 387 3262 sed
407 3209 430 3262 si
451 3210 509 3280 quis
526 3195 624 3264 ‘contra
639 3214 739 3262 statuta
755 3205 865 3279 lecerit,
885 3209 925 3263 rei
941 3207 1048 3281 quidem
1064 3222 1126 3263 suae

112 2259 118 2287 l

243 3401 263 3464 ¹)
276 3402 335 3464 sere
346 3421 379 3442 π
393 3402 448 3456 Gai.
465 3406 488 3461 3,
506 3405 563 3456 209.
649 3402 671 3466 ²)
689 3406 720 3454 L.
734 3405 773 3457 13.
789 3405 818 3452 D.
833 3405 992 3468 quadraretur
1004 3421 1026 3454 c.
1040 3403 1075 3469 (4,
1090 3401 1124 3466 2).

177 3467 207 3516 1..
226 3469 249 3519 4.
268 3467 296 3522 0,
311 3471 355 3532 fla.
373 3485 427 3534 rep.
446 3467 482 3533 (3,
501 3469 544 3532 39)
562 3469 594 3519 L.
612 3473 636 3523 t,
654 3473 677 3524 9.
697 3471 724 3521 0.
743 3473 808 3520 unde
826 3473 850 3520 oi
867 3468 904 3534 (8,
922 3469 958 3536 4).
