2472 3896
163 161 201 224 16
469 178 504 212 nu
522 176 713 213 anormouanus
730 163 752 224 Ι,
772 164 811 212 11.

161 335 231 374 uxor
251 334 301 374 nec
320 317 429 390 nuptiae
449 333 499 373 nec
513 317 710 372 matrimonium
725 332 775 373 nec
789 315 839 371 dos
854 316 1033 390 intellegitur.
1074 317 1135 372 ita-

162 418 216 476 que
230 403 258 472 ii,
274 401 321 475 qui
336 417 368 456 ex
384 416 416 456 eo
433 401 507 457 coitu
522 410 680 472 nascuntur,
695 401 723 456 iu
737 408 873 474 potestate
883 402 966 474 patris
979 416 1035 456 uon
1045 409 1135 473 sunt,

163 485 211 543 sed
226 485 294 540 tales
309 493 383 554 sunt,
399 492 528 556 quantum
543 485 575 540 ad
587 487 699 558 patriam
709 493 872 557 potestatem
884 485 1010 557 pertinet,
1028 483 1133 557 quales

163 577 228 624 sunt
243 569 273 638 ii,
288 584 356 640 quos
372 577 458 623 mater
472 567 553 641 vulgo
569 570 702 642 concepit.
726 585 786 623 nam
797 585 847 624 nec
858 568 886 623 hi
901 575 1004 641 patrem
1020 566 1133 624 habere

163 642 370 725 intelleguntur,
393 667 453 706 cum
476 651 517 706 his
540 654 619 708 etiam
639 653 759 708 incertus
781 660 839 708 est:
869 651 940 707 unde
962 651 1051 707 soient
1075 649 1133 708 iiiii

163 737 248 809 spurii
264 735 407 809 appellari,
435 735 475 790 vei
491 751 505 789 a
520 735 618 792 Graeca
633 751 698 791 voce
713 737 790 808 quasi
811 725 964 812 σποράδην
984 738 1132 808 concepti,

163 819 206 874 vel
220 821 296 892 quasi
310 819 368 874 siue
384 827 458 892 patre
480 816 539 876 filii.
575 819 698 890 sequitur
717 833 795 893 ergo,
817 828 848 875 ut
870 827 899 875 et
919 818 1051 874 dissoluto
1075 819 1132 875 tali

164 904 238 959 coitu
259 919 308 959 nec
330 902 401 959 dotis
423 903 555 958 exactioni
569 902 645 957 locus
662 903 707 959 sit.
741 904 787 976 qui
803 912 892 958 autem
907 901 1056 976 prohibitas
1072 920 1131 958 nu-

164 988 232 1060 ptias
254 995 364 1059 coeunt,
387 995 414 1041 et
437 986 499 1041 alias
521 1002 620 1059 poenas
636 988 784 1059 patiuntur,
806 1003 875 1060 quae
890 988 974 1044 sacris
989 987 1131 1042 coustitu-

164 1069 282 1126 tionibus
297 1071 477 1128 continentur.

116 1161 147 1208 13
168 1221 170 1230 Ι
229 1147 403 1227 ¹Aiiquando
425 1161 513 1208 autem
535 1154 640 1225 evenit,
663 1162 692 1208 ut
714 1152 792 1210 liberi
815 1148 941 1225 quidem²
964 1155 1069 1224 statim,
1095 1164 1132 1211 ut

164 1238 219 1292 nati
235 1245 309 1307 sunt,
323 1238 351 1292 in
367 1244 502 1310 potestate
517 1245 659 1310 parentum
673 1254 727 1293 non
742 1235 817 1308 flant,
832 1245 926 1311 postea
938 1229 1047 1292 autem³
1063 1239 1131 1293 red-

164 1323 273 1393 igantur
298 1322 325 1375 in
351 1327 524 1393 potestatem.
568 1321 653 1395 qualis
682 1323 784 1391 estis,
808 1322 868 1394 qui,
898 1321 962 1376 dum
992 1321 1129 1378 naturalis

165 1403 262 1475 iuerat,
284 1412 379 1478 postea
395 1405 484 1461 curiae
499 1405 576 1461 datus
592 1407 721 1479 potestati
735 1407 820 1479 patris
835 1404 974 1460 subicitur.
1001 1421 1130 1461 necnon

164 1489 198 1558 is,
214 1490 260 1562 qui
275 1506 290 1543 a
305 1488 416 1545 muliere
430 1487 514 1546 iibere
525 1497 692 1563 procreatus,
708 1491 784 1546 cuius
802 1489 1001 1544 matrimonium
1016 1489 1129 1546 minime

165 1571 270 1646 legibus
292 1571 464 1627 interdictum
480 1573 580 1642 iuerat,
604 1572 651 1627 sed
667 1572 698 1627 ad
714 1589 792 1645 quam
807 1581 885 1645 pater
900 1572 1128 1628 consuetudinem

165 1655 309 1724 habuerat,
337 1662 431 1728 postea
453 1671 485 1710 ex
510 1663 604 1711 nostra
630 1649 844 1711 constitutioae⁴
864 1655 999 1712 dotalibus
1021 1656 1127 1711 iustru-

165 1740 263 1794 meutis
279 1738 446 1811 compositis,
461 1740 489 1793 in
504 1746 639 1812 potestate
653 1741 738 1811 patris
758 1737 888 1795 efficitur:
912 1739 984 1811 quod
1000 1739 1087 1795 etalii
1103 1743 1128 1796 si

167 1838 200 1878 ex
215 1820 494 1877 eodem'matrimonio
510 1838 564 1877 uon
585 1822 686 1878 inerint
704 1816 871 1896 procreati,⁵
892 1823 1014 1879 similiter
1029 1831 1128 1880 nostra

167 1897 345 1962 constitutioss
359 1903 492 1978 praebuit.

588 2101 646 2142 um.
660 2101 703 2144 11.

473 2188 523 2237 DE
542 2185 821 2239 ADOPTIONIBUS.

117 2331 153 2370 rr.
232 2301 314 2364 ⁷Non
335 2309 424 2364 solum
446 2316 535 2364 tamen
557 2309 690 2364 naturales
712 2307 789 2364 liberi
811 2308 956 2363 secundum
979 2324 1026 2379 ea,
1056 2325 1125 2382 quae

168 2391 297 2462 diximus,
318 2393 345 2447 iu
361 2399 495 2464 potestate
510 2401 602 2448 nostra
617 2400 697 2462 suut,
718 2407 811 2446 verum
826 2395 906 2447 etiam
921 2393 955 2463 it,
970 2408 1039 2464 quos
1061 2393 1126 2450 ado·

238 2551 258 2618 ¹)
276 2556 330 2602 init.
343 2575 377 2595 =
391 2555 444 2606 aaa.
459 2558 482 2615 1,
496 2555 536 2608 65.
606 2552 629 2616 ²)
647 2554 693 2604 Eae
714 2553 824 2617 Theoph.
844 2543 911 2618 (ὅτι)
931 2571 974 2612 τις
992 2545 1053 2618 ἅμα
1070 2550 1126 2619 μὲν

112 2629 115 2633 ’
169 2619 207 2686 τῷ
230 2619 376 2685 τεχθῆναι
399 2621 446 2684 qui
466 2623 582 2686 plerique
606 2623 680 2670 codd.
704 2622 762 2674 edd⁴
786 2619 859 2671 Schr.
883 2629 909 2671 et
930 2622 979 2674 Ka.
1003 2638 1048 2672 om.
1072 2625 1125 2674 atii.

168 2686 190 2752 ³)
209 2703 293 2738 omnes
315 2690 389 2740 codd.
414 2688 526 2752 Theoph.
550 2695 575 2737 et
592 2689 649 2738 edd.
674 2693 764 2736 tamen
786 2689 826 2740 ed.
850 2689 901 2741 Ka.
924 2705 959 2740 en
978 2690 1054 2752 Gai03
1078 2693 1128 2740 aed

168 2757 233 2806 hanc
250 2762 340 2820 aperte
361 2754 528 2806 Trihonianas
545 2755 569 2804 h.
587 2757 602 2808 ἱ,
621 2758 729 2804 motaott.
813 2753 835 2818 ⁴)
853 2757 885 2805 L.
907 2757 945 2810 10.
970 2757 996 2807 C.
1022 2758 1053 2806 de
1071 2765 1125 2806 nat.

168 2825 210 2874 tta.
231 2821 270 2886 (ὅ,
289 2824 342 2883 27).
446 2819 466 2886 ⁵)
484 2823 771 2879 [accommodissimum
795 2824 827 2872 de
850 2839 899 2888 qua
916 2825 966 2873 vid.
985 2822 1125 2876 Schrader.

169 2892 243 2940 codd.
257 2892 359 2942 nonant
369 2891 476 2940 manime
485 2888 580 2940 inaliis
587 2887 706 2952 (otalii),
716 2893 740 2940 si
750 2887 794 2952 (al.
801 2887 865 2954 qui),
876 2890 976 2940 fuerint
989 2892 1126 2954 procreati

171 2956 214 3022 (al.
220 2955 315 3022 positae
324 2957 342 3006 f.
349 2973 384 3022 p.‚
389 2955 560 3022 procreatis),
567 2956 692 3021 praebuit
704 2954 747 3021 (oi.
754 2958 914 3021 prohibuit).
928 2958 1037 3020 Nepatia
1047 2953 1124 3020 (non)

169 3027 195 3074 in
213 3025 323 3075 omnihus
347 3027 426 3074 deest.
450 3024 532 3088 quod,
556 3029 583 3072 et
601 3023 649 3072 alii
666 3023 690 3072 si
707 3040 730 3077 e.
749 3039 772 3073 e.
791 3040 825 3074 m.
843 3024 863 3078 i.
881 3040 906 3088 p.
925 3027 985 3074 edd.
1008 3024 1079 3074 Schr.
1098 3033 1125 3074 et

169 3092 220 3143 Kr.
243 3091 351 3142 Insolito
362 3093 506 3154 postposita
518 3092 645 3155 particula
656 3091 681 3138 si
693 3097 717 3139 et
729 3091 788 3141 inde
800 3092 941 3141 adhaerens
954 3108 988 3140 ecc
1000 3107 1031 3140 ea
1041 3094 1125 3155 prima

170 3161 246 3208 litera
263 3160 424 3208 antecedenti
439 3159 493 3208 aeci
509 3159 536 3207 in
553 3173 630 3207 caasa
647 3159 747 3206 videtur
761 3158 850 3221 faisse,
868 3166 896 3208 at
912 3161 961 3208 iam
976 3159 1124 3221 Theophilus

169 3241 224 3275 non
235 3233 294 3289 post
307 3225 490 3275 macrino-nio
501 3231 642 3289 suspectam
659 3225 765 3275 haberet
782 3240 860 3290 eaque
877 3228 967 3275 omaso
986 3232 1061 3275 totam
1077 3226 1123 3276 hoc

170 3295 228 3342 item
251 3294 287 3342 ad
307 3291 340 3343 L.
366 3293 404 3342 10.
430 3292 456 3346 0.
480 3294 522 3348 cii.
545 3296 609 3342 male
626 3293 752 3354 referret;
774 3309 831 3341 nam
852 3294 874 3341 is
895 3295 932 3342 ita
949 3295 1033 3342 vertit:
1052 3285 1124 3344 attat

170 3357 220 3410 nni
231 3353 259 3408 oi
268 3351 340 3422 μετὰ
349 3357 449 3422 ταῦτα,
461 3358 491 3410 εἴ
498 3375 579 3419 τινας
589 3359 714 3426 συμβαίη
730 3357 881 3424 τεχθῆναι,
896 3351 1066 3420 ὑπεξούσιοί
1075 3374 1124 3422 μοι

170 3417 350 3489 γενήσονται.
385 3424 595 3491 ⁰)L.11.0.e0a.
631 3426 1121 3492 open§.1.=aat.1,9t-99.mnt.
