2492 3896
122 243 158 278 nn
175 241 362 280 nsncmomn.
382 242 418 276 nn
436 239 522 277 noser
544 240 678 276 susurronis
693 240 890 278 roseussrorrnn.
908 227 949 290 ΙΙ,
966 228 990 277 6.
1036 226 1077 290 51

27 405 29 412 ’
122 385 162 455 is,
186 383 231 456 qui
247 383 395 455 acceperit,
419 397 567 454 usucapere
582 382 686 454 possit,
707 379 817 437 dubium
832 398 887 438 uon
903 389 963 452 est,
977 383 1077 456 quippe

123 483 153 523 ea
175 483 218 522 res
240 467 268 521 in
291 465 356 521 inrti
378 467 471 521 vitium
494 481 548 521 non
563 465 704 536 ceciderit,
726 481 786 520 oum
801 467 895 539 utique
913 466 1008 538 heres,
1030 465 1078 539 qni

121 551 192 607 hona
214 547 265 606 fide
286 557 419 622 tamquam
441 564 516 604 suam
537 548 703 619 alienaverit,
725 548 827 605 lurtum
847 565 902 604 non
922 551 1077 605 committit·

124 629 206 690 ¹ltem
227 635 250 688 si
271 634 311 706 is,
333 633 366 688 ad
388 647 468 705 quem
490 632 599 687 ancillae
622 631 793 688 ususfructus
815 634 949 705 pertinet,
971 642 1078 706 partum

122 734 200 773 suum
217 733 276 772 esse
291 716 404 773 credens
419 715 568 771 vendiderit
584 724 630 771 aut
644 715 797 787 donaverit,
820 716 920 771 lurtum
935 733 990 772 non
1005 733 1078 772 com·

121 803 218 857 mittit:
234 800 337 856 lurtum
352 800 421 855 enim
437 800 495 854 sine
507 797 603 856 affectu
620 797 724 854 iurandi
736 815 790 855 non
802 801 987 856 committitur.
1009 800 1075 858 Aliis

122 900 231 958 quoque
254 884 340 940 modis
362 881 482 939 accidere
504 891 611 955 potest,
634 889 665 938 ut
686 883 746 955 quis
768 883 826 938 sine
846 884 911 938 vitio
933 883 998 939 iorti
1020 899 1077 940 rem

121 969 236 1024 alienam
251 967 283 1022 ad
298 966 413 1040 aliquem
428 965 573 1022 transierat
587 973 616 1022 et
630 965 743 1038 efficiat,
766 975 798 1021 ut
811 983 826 1020 a
840 983 998 1040 possessore
1013 983 1076 1022 nsu-

122 1054 252 1126 capiatur.
290 1049 365 1117 Quod
380 1059 469 1106 antem
484 1049 517 1105 ad
532 1067 576 1106 eas
591 1066 645 1122 res,
661 1066 730 1123 quae
743 1050 804 1106 solo
825 1051 1008 1122 continentur,
1031 1067 1076 1105 ex·
1094 1060 1109 1108 '1

120 1136 239 1210 peditius
250 1134 385 1208 procedit:
401 1143 432 1190 ut
442 1136 465 1189 si
477 1137 537 1207 quis
552 1135 606 1190 loci
621 1135 737 1190 vacantis
751 1135 950 1206 possessionem
965 1142 1078 1208 propter

121 1219 270 1275 absentiam
290 1224 337 1273 aut
351 1217 549 1292 neglegentiam
570 1217 687 1287 domiui,
709 1226 755 1273 aut
770 1219 832 1291 qnia
847 1219 906 1273 sine
920 1233 1078 1274 successore

122 1302 283 1372 decesserit,
307 1302 365 1358 sine
386 1302 412 1355 vi
434 1301 613 1357 nanciscatur.
649 1293 714 1374 ²qni
730 1303 849 1375 quamvis
870 1303 928 1375 ipse
942 1302 1009 1356 mala
1024 1300 1077 1356 fide

121 1385 256 1460 possidet,
272 1386 334 1456 quia
349 1382 496 1456 intellegit,
511 1399 541 1438 se
558 1383 671 1439 alienum
686 1382 797 1438 iundum
807 1400 963 1457 occupasse,
979 1392 1078 1455 tamen,

122 1471 145 1524 si
161 1469 205 1523 alii
221 1467 290 1523 hona
305 1465 355 1522 fide
374 1468 515 1539 accipienti
534 1466 691 1536 tradiderit,
712 1469 814 1540 poterit
834 1469 858 1523 ei
873 1467 954 1542 longa
969 1484 1077 1541 posses·

122 1553 201 1608 sione
222 1567 266 1608 res
289 1551 407 1623 adquiri,
431 1551 492 1627 quie
513 1565 601 1624 neque
622 1549 748 1605 furtivum
768 1566 855 1623 neque
876 1552 901 1605 vi
922 1566 1078 1624 possessum

122 1635 240 1708 accepit;
262 1633 360 1690 abolita
375 1641 416 1689 est
430 1635 500 1690 enim
515 1632 683 1709 quorundam
697 1641 818 1690 veterum
838 1636 971 1690 sententia
988 1634 1078 1690 eristi·

121 1720 267 1789 martium,
290 1719 370 1775 etiam
388 1716 465 1772 iundi
480 1717 564 1775 locive
580 1717 682 1774 iurtnm
695 1717 771 1792 lieri,
794 1725 821 1773 et
842 1734 952 1790 eorum,
972 1720 1079 1791 quires

121 1803 173 1859 soli
195 1802 353 1876 possident,
374 1801 565 1874 principalibus
580 1801 819 1858 constitutionibus
840 1804 1020 1876 prospicitur,
1042 1818 1077 1857 ne

121 1889 164 1943 cui
184 1887 267 1960 longa
287 1894 315 1942 et
333 1885 481 1941 indubitata
501 1887 638 1960 possessio
659 1885 758 1942 auierri
778 1885 883 1942 debeat.
927 1885 1076 1959 Aliquando
1094 1891 1109 1939 8

25 1973 30 1992 '
121 1972 201 2026 etiarn
217 1969 315 2026 iurtiva
334 1969 376 2025 rel
396 1971 421 2024 vi
443 1985 569 2043 possessa
588 1986 632 2025 res
655 1971 765 2043 usucapi
780 1978 885 2043 potest:
908 1969 989 2024 veluti
1012 1971 1035 2024 si
1049 1970 1076 2023 in

121 2053 222 2108 domini
237 2061 398 2126 potestatem
413 2068 520 2110 reversa
531 2053 626 2126 luerit,
643 2059 709 2109 tuuc
724 2053 804 2124 enim,
818 2053 882 2109 vitio
894 2054 933 2108 rai
948 2059 1076 2126 purgato,

120 2136 245 2210 procedit
265 2138 323 2191 eins
346 2138 483 2209 usucapio.
527 2135 578 2192 lies
598 2135 654 2190 fisci
676 2137 762 2191 nostri
781 2137 892 2208 usucapi
906 2151 960 2190 non
976 2143 1076 2208 potest.
1095 2141 1110 2190 9

122 2219 170 2276 sed
189 2218 348 2292 Papinianus
369 2220 494 2291 scripsit,
515 2218 594 2275 honis
615 2219 767 2274 vacantibus
788 2217 853 2274 fisco
868 2219 986 2274 nondum
1010 2235 1078 2274 nun·

123 2304 206 2373 tiatis,
227 2303 296 2356 hona
311 2301 363 2358 fide
378 2310 527 2375 emptorem
543 2301 593 2357 sibi
607 2301 728 2357 traditam
743 2318 799 2357 rem
815 2318 848 2358 ex
863 2302 904 2359 his
918 2300 997 2358 honis
1012 2319 1076 2358 usu-

122 2402 219 2458 capere
234 2402 328 2458 posse:
351 2393 379 2442 et
398 2387 436 2441 ita
451 2386 526 2442 divus
543 2385 605 2441 Pius
621 2393 649 2440 et
669 2379 739 2440 divi³
754 2384 868 2442 Severus
883 2393 910 2442 et
925 2387 1077 2443 Antoninus

121 2470 328 2542 rescripserunt.
373 2469 520 2525 Novissime
542 2468 679 2526 sciendum
694 2477 753 2541 est,
775 2486 830 2526 rem
854 2470 1126 2526 talemessede·1t

121 2554 197 2624 bere,
213 2559 243 2608 ut
258 2553 286 2607 in
300 2569 397 2609 senon
412 2553 508 2609 habeat
523 2555 630 2624 vitium,
647 2561 677 2608 ut
692 2553 786 2610 ahoua
801 2553 852 2610 fide
868 2562 990 2628 emptore
1013 2571 1076 2610 usn-

122 2638 181 2712 capi
196 2637 284 2710 possit
298 2637 340 2692 vel
354 2639 401 2708 qui
416 2655 448 2692 er
464 2636 512 2693 alia
528 2639 600 2694 iusta
614 2653 692 2692 cansa
707 2638 837 2710 possidet.

185 2720 267 2776 Error
282 2727 370 2776 autem
385 2719 466 2776 ialsae
482 2737 576 2777 causae
598 2723 788 2794 usucapionem
807 2738 862 2777 non
876 2723 957 2796 parit.
994 2720 1076 2777 veluti
1096 2724 1125 2773 11

121 2806 144 2860 si
161 2806 238 2877 quis,
260 2820 321 2860 cum
336 2820 391 2859 non
407 2805 518 2879 emerit,
540 2805 636 2860 emisse
651 2821 680 2860 se
693 2807 848 2860 existimans
862 2804 1016 2877 possideat:
1034 2801 1076 2858 vel

122 2905 182 2946 cum
198 2889 223 2944 ei
238 2888 366 2944 donatum
381 2904 436 2943 non
451 2887 553 2961 iuerat,
569 2889 646 2959 quasi
660 2905 693 2943 ex
708 2887 851 2944 donatione
866 2887 1012 2961 possideat.

185 2971 289 3027 Diutina
310 2973 466 3044 possessio,
493 2987 561 3042 quae
583 2972 712 3044 prodesse
733 2977 860 3044 coeperat
881 2969 1025 3046 defuncto,
1049 2978 1077 3025 et
1095 2975 1126 3024 12

121 3057 215 3112 heredi
237 3064 264 3111 et
284 3053 418 3111 bonorum
440 3055 592 3128 possessori
620 3056 806 3127 continuatur,
834 3055 898 3110 licet
919 3055 976 3127 ipse
999 3055 1075 3126 sciat,

121 3140 258 3214 praedium
274 3140 405 3195 alienum:
421 3139 517 3210 quodsi
533 3138 579 3194 ille
593 3139 698 3194 initium
712 3140 814 3194 iustum
829 3154 884 3194 non
898 3136 1005 3202 habuit,
1029 3137 1075 3192 he·

190 3351 210 3418 ¹)
229 3354 268 3415 ἐξ.
287 3355 310 3406 5.
330 3356 346 3404 6
362 3375 396 3395 =·
415 3353 471 3404 oar.
490 3355 520 3416 2,
539 3353 580 3404 60.
666 3350 686 3414 ²)
706 3353 753 3417 qui
766 3389 772 3402 .
787 3390 794 3404 .
807 3389 813 3402 .
825 3351 926 3402 flurium
943 3350 1001 3402 fieri
1016 3352 1075 3415 fere

120 3422 198 3474 εὖ.
217 3422 258 3471 38.
277 3422 310 3473 D.
333 3423 365 3470 de
385 3437 472 3484 usurp.
494 3421 550 3483 (41,
569 3416 595 3482 3)
613 3435 648 3470 em
667 3420 725 3470 Gaii
742 3422 758 3474 l.
777 3422 793 3468 2
810 3436 862 3476 rer,
882 3425 949 3484 quot.
1052 3417 1075 3484 ³)

123 3489 234 3552 Theoplt.
253 3489 326 3539 codd.
345 3489 420 3551 infer.
438 3488 516 3538 divus
534 3487 608 3538 codd.
625 3494 673 3538 oct.
692 3489 731 3536 ed.
752 3485 801 3536 Kr.

886 3567 922 3618 42
