2492 3896
117 136 157 200 88
450 153 485 188 un
504 151 617 188 oscuras
636 138 672 203 11,
690 140 730 192 20.

117 293 248 350 tutionem
268 293 387 350 incertus
407 292 464 348 deri
480 286 596 365 debet,1
618 295 678 367 quia
698 302 772 350 certo
792 291 890 349 iudicio
911 290 991 348 debet
1006 293 1067 364 quis

66 381 100 432 28
116 393 167 451 pro
190 376 272 432 tutele
294 393 359 433 suae
380 379 531 450 posteritati
553 393 654 434 cavere.
689 385 832 451 postumus
854 384 942 432 autem
964 375 1067 432 alienus

116 462 196 518 heres
209 461 313 516 institui
326 469 353 516 et
364 468 441 516 antee
455 469 562 533 poterat
573 471 679 518 etnune
692 468 793 534 potest,
808 461 859 515 nisi
873 461 900 515 in
916 465 994 516 utero
1009 459 1067 516 eius

66 549 99 600 29
117 547 168 614 sit,
191 559 259 617 quae
274 543 332 599 iure
352 536 464 621 nostra²
479 560 546 599 uxor
561 561 620 600 esse
635 562 691 601 non
704 551 806 618 potest.
837 542 864 598 Si
880 535 960 617 quis³
974 545 1002 598 in
1017 559 1067 598 no-

115 629 196 698 mine,
211 629 380 699 cognomine,
396 629 567 700 praenomine
578 627 699 702 legatarii
714 629 842 683 erraverit
856 635 980 696 testator,
996 627 1019 681 si
1033 625 1068 682 de

114 727 229 784 persona
244 717 366 780 constat,
384 711 467 767 nihilo
484 713 570 766 minus
584 712 655 768 valet
670 712 797 786 legatum.
833 711 903 766 idem
918 712 944 766 in
960 709 1067 766 heredi·

116 793 166 849 bus
181 803 314 850 servatur:
330 802 358 850 et
372 804 461 864 recte3
478 796 583 850 uomina
596 796 666 850 euim
678 794 913 867 significandorum
928 793 1067 849 hominum

116 879 201 952 gretia
221 886 327 950 reperte
347 887 424 948 sunt,
446 879 491 952 qui
511 879 534 933 si
550 878 670 951 quolibet
691 878 743 936 alio
764 877 844 933 modo
863 877 1068 951 intellegantur,

65 965 98 1016 30
115 960 183 1018 nihil
197 963 320 1019 interest.
351 961 544 1034 Huieproxime
560 970 600 1018 est
614 961 659 1017 ille
673 963 741 1017 iuris
755 961 860 1034 regula,
876 961 941 1017 lelsa
956 961 1067 1016 demon·

115 1047 245 1100 stratioue
271 1045 389 1118 legatum
417 1061 472 1099 nou
500 1045 611 1117 perimi,
637 1045 720 1101 veluti
747 1045 770 1100 si
797 1047 857 1118 quis
879 1043 1068 1118 delegaverit

117 1143 253 1187 smenon
275 1143 397 1186 suevum
417 1144 505 1186 unuu
519 1145 645 1186 vesunu
664 1144 706 1186 no
727 1143 826 1186 neco:
847 1128 912 1184 licet
927 1129 996 1182 enim
1011 1143 1068 1183 non

115 1229 204 1282 verna,
219 1212 266 1268 sed
282 1219 388 1285 emptus
403 1212 454 1282 sit,
477 1211 510 1267 de
526 1229 602 1268 servo
618 1220 705 1268 tamen
721 1219 842 1282 constet,
857 1213 923 1267 utile
939 1218 980 1266 est
994 1210 1067 1282 lega·

116 1304 182 1351 tum.
212 1304 239 1351 et
253 1295 444 1352 convenienter
457 1295 480 1350 si
495 1297 531 1350 itu
545 1296 768 1352 demonstraverit
783 1310 919 1354 surcuuu
933 1311 1067 1363 suevum,

116 1395 201 1445 ouum
214 1395 235 1436 s
250 1393 320 1436 suro
335 1394 399 1449 nur,
416 1379 505 1451 sitque
519 1378 550 1435 ab
565 1379 617 1435 alio
632 1387 747 1452 emptus,
764 1378 830 1435 utile
844 1379 961 1452 legatum
976 1386 1029 1448 est,
1044 1379 1068 1432 si

65 1464 96 1514 31
115 1464 147 1520 de
162 1480 241 1519 servo
256 1470 370 1518 constat.
401 1462 494 1536 longe
514 1465 598 1537 magis
620 1463 710 1537 legato
732 1461 797 1518 laisa
811 1479 890 1518 causa
905 1479 959 1517 non
975 1468 1066 1522 nocet.

114 1546 196 1603 veluti
208 1563 267 1603 eum
280 1549 317 1602 ita
329 1549 388 1620 quis
399 1546 510 1602 dixerit:
526 1563 624 1617 r1r10,
637 1563 712 1610 euru
722 1561 864 1604 susurrem
875 1563 916 1602 arn
927 1559 1068 1602 raucorum

20 1695 21 1698 Ἴ
114 1646 178 1687 uua
189 1646 334 1700 cnunvrr,
347 1644 635 1702 errenuuoonueO,
647 1631 1066 1701 velitezr1r10,curn1>areo·

115 1729 200 1770 curuo
214 1728 286 1770 urus
302 1728 449 1770 namnum
463 1728 590 1770 commu
601 1729 773 1771 urnunauus
787 1729 857 1783 sum,
873 1727 1010 1770 erronum
1023 1726 1067 1770 no

113 1811 211 1854 urceo:
226 1796 289 1852 lieet
299 1797 369 1851 enim
386 1812 474 1867 neque
485 1797 592 1870 negotia
603 1798 739 1853 testatoris
749 1813 875 1869 umquam
886 1799 971 1870 gessit
981 1796 1068 1852 Titius
1162 1871 1164 1875 Ι

117 1895 205 1952 neque
220 1880 369 1952 patrocinio
385 1880 442 1935 eius
455 1878 583 1935 liberatus
598 1887 655 1951 est,
674 1880 794 1954 legatum
811 1889 897 1936 tamen
911 1879 990 1936 valet.
1019 1879 1067 1935 sed

118 1965 142 2020 si
156 1961 375 2020 condicionaliter
389 1964 525 2018 enuntiata
542 1963 623 2019 luerit
638 1980 731 2034 causa,
746 1963 816 2019 allud
831 1964 897 2019 iuris
913 1972 970 2034 est,
984 1963 1067 2019 veluti

116 2048 169 2104 hoc
183 2046 278 2102 modo:
299 2061 403 2119 ormo,
425 2061 608 2104 s1nue0r1n
623 2063 687 2104 uns
702 2041 868 2117 euenvrr‚⁴
881 2063 1010 2106 sumnum
1023 2063 1067 2104 1>o

65 2137 98 2186 32
115 2146 208 2189 nnec.
246 2124 304 2184 inu
319 2146 396 2185 servo
411 2129 518 2186 heredis
532 2140 607 2187 recte
622 2131 759 2204 legamus,
775 2132 923 2204 quaeritur.
961 2140 988 2187 et
1002 2147 1067 2187 cou-

115 2222 179 2285 stat,
193 2231 261 2288 pure
272 2213 404 2269 inutiliter
412 2213 496 2286 legari
506 2229 555 2269 nee
569 2214 711 2286 quidquam
723 2212 864 2288 proficere,
880 2215 903 2270 si
914 2215 973 2270 vivo
985 2221 1067 2270 testa·

115 2305 175 2353 tore
191 2296 224 2352 de
239 2305 374 2370 potestate
388 2297 495 2353 heredis
510 2298 618 2368 exierit,
634 2301 695 2370 quie
710 2298 783 2370 quod
796 2296 891 2353 inutile
905 2297 978 2353 ieret
992 2297 1067 2371 lega·

116 2389 189 2449 tum,
209 2380 232 2434 si
251 2381 341 2434 statim
361 2389 425 2452 post
444 2380 746 2437 lactumtestemeutum
766 2381 928 2438 decessisset
942 2388 1067 2450 testator,

116 2464 168 2519 hoe
183 2479 237 2518 uon
257 2461 337 2518 dehet
356 2461 417 2518 ideo
433 2463 534 2538 valere,
555 2465 616 2537 quia
635 2464 735 2520 diutius
751 2473 864 2520 testator
878 2465 981 2520 vixerit.
1017 2463 1068 2519 suh

115 2545 271 2603 condicione
286 2561 350 2601 vero
365 2554 439 2602 reete
449 2546 567 2619 legatur,
582 2554 613 2602 ut
623 2549 801 2620 requiramus,
817 2565 861 2618 an,
876 2564 930 2620 quo
945 2556 1068 2620 tempore

65 2635 99 2685 33
117 2630 174 2686 dies
186 2629 267 2702 legati
278 2629 359 2699 cedit,
367 2629 395 2683 in
405 2637 541 2702 potestate
551 2630 658 2686 heredis
668 2647 722 2686 nou
734 2633 777 2686 sit.
800 2631 837 2686 lix
847 2631 951 2686 diverso
966 2630 1068 2686 herede

114 2715 240 2771 instituto
255 2729 348 2783 servo,
368 2712 434 2785 quiu
449 2713 556 2769 domino
571 2720 643 2770 recte
658 2716 736 2770 etiam
751 2715 808 2770 sine
823 2714 979 2770 condicione
992 2714 1067 2787 lege·

115 2805 170 2869 tur,
186 2813 241 2852 non
255 2795 401 2853 dubitatur.
431 2813 491 2852 nam
507 2798 572 2852 etsi
586 2799 674 2852 statim
690 2805 754 2871 post
768 2799 867 2854 iactum
877 2805 1067 2854 testamentum

116 2882 261 2939 decesserit
277 2889 404 2950 testator,
425 2888 582 2936 nontamen
598 2881 669 2954 apud
683 2897 762 2951 eum,
783 2883 829 2956 qui
843 2882 922 2938 heres
942 2882 994 2950 sit,
1009 2880 1068 2938 dies

116 2965 198 3039 legati
217 2964 313 3020 cedere
333 2963 517 3038 intellegitur,
539 2981 600 3020 cum
614 2965 747 3021 heredites
763 2964 882 3038 alegate
898 2973 1018 3039 separata
1032 2966 1069 3020 sit

184 3191 207 3258 ¹)
225 3196 298 3245 codd.
310 3195 386 3257 infer.
398 3193 493 3245 debeat
504 3195 576 3244 codd
590 3201 638 3244 eet.
652 3197 691 3245 ed.
703 3194 754 3244 Kr.
823 3193 844 3258 ²)
862 3195 887 3244 E
897 3197 939 3247 W.
955 3195 1067 3259 cleopa..

116 3266 210 3312 nestro
227 3261 253 3310 B
271 3263 312 3311 ed.
330 3261 402 3312 Scir.
466 3259 490 3316 ⁸l
508 3259 551 3310 El
573 3261 683 3325 Theoplt.
704 3261 767 3328 quid
784 3261 851 3310 Bm
868 3263 907 3316 ed.
926 3262 976 3312 Kr.
1045 3260 1068 3327 ⁴)

119 3329 229 3392 meopte
245 3331 347 3392 plurimi
363 3328 437 3379 codd.
457 3329 594 3380 curaverit
611 3331 685 3384 codd.
702 3336 750 3379 oet.
764 3331 804 3379 ed.
817 3328 866 3383 Kr.
937 3327 960 3395 ⁶)
972 3329 1011 3390 ἒξ.
1024 3331 1070 3381 32.

116 3398 193 3446 33=
207 3395 262 3444 Gai.
280 3397 305 3456 2,
321 3397 380 3445 244.
398 3397 448 3446 245
464 3403 522 3448 mut.
