2500 3890
151 171 211 236 192
452 190 487 224 nu
507 187 680 224 morasmoras
698 174 744 236 IV,
764 175 803 227 lb.

148 331 236 384 minus
251 329 403 385 hocverum
418 335 517 396 manet,
532 326 596 383 licet
612 335 705 400 postea
723 329 750 384 in
767 327 931 383 contrarium
941 329 1013 399 pacti
1027 334 1101 382 sunt.
1207 396 1210 400 ἠ

150 412 197 468 sed
213 414 275 486 quia
291 413 411 485 iniquum
426 420 482 482 cst,
496 410 658 467 creditorem
674 411 788 482 excludi,
804 410 944 484 replicatio
959 411 984 465 ci
998 409 1105 467 dabitur
1148 439 1151 445 ·

118 502 184 552 tex
206 498 356 569 posteriore
384 503 462 568 pacto
491 504 634 556 convento.
669 495 770 551 Rursus
790 493 924 550 interdurn
947 496 1050 564 evenit,
1074 503 1105 548 ut

151 579 306 652 replicatio,
329 595 397 651 quae
419 579 506 652 prima
526 577 593 634 lacie
615 579 685 634 iusta
707 581 759 649 sit,
781 579 872 651 inique
894 586 1000 635 noceat.
1030 577 1105 651 quod

152 679 213 718 cum
224 663 330 732 accidit,
346 662 394 717 alia
406 661 568 736 allegatione
581 678 649 735 opus
660 670 703 718 cst
720 661 858 717 adiuvandi
869 663 909 717 rei
923 663 1019 736 gratia,
1035 678 1105 734 quae

116 753 132 800 2
151 746 296 819 duplicatio
310 753 429 801 vocatur.
459 744 492 801 lit
510 745 534 800 si
553 762 648 801 rursus
664 762 693 802 ea
709 748 791 818 prima
807 746 872 801 lacie
887 747 957 801 iusta
971 745 1104 820 videatur,

151 829 199 885 sed
213 839 325 904 propter
340 829 453 901 aliquam
470 844 575 886 causam
590 831 682 902 inique
697 830 781 887 actori
796 836 909 899 noceat,
930 844 1024 884 rursus
1039 828 1104 884 alle-

152 915 261 986 gatione
276 913 324 969 alia
340 929 407 986 opus
423 920 478 983 est,
495 927 546 985 qua
562 922 636 969 actor
651 913 803 983 adiuvetur,
825 928 891 985 quae
907 912 1003 969 dicitur
1017 913 1104 985 tripli-

119 1006 134 1054 3
153 999 231 1054 catio.
262 996 377 1064 Quarum
402 998 519 1052 omnium
539 998 726 1069 exceptionum
746 1013 824 1052 usum
840 996 974 1052 interdum
989 996 1105 1052 ulterius

153 1097 231 1153 quam
257 1080 384 1150 diximus,
407 1081 521 1136 varietas
546 1082 718 1154 negotiorum
738 1079 899 1136 introducit:
923 1095 988 1154 quas
1010 1095 1105 1136 ornnes

155 1166 272 1237 apertius
288 1180 320 1219 ex
334 1162 430 1219 latiore
445 1164 611 1237 digestorum
626 1164 762 1220 volumine
781 1163 856 1220 lacile
870 1172 912 1219 est
926 1180 1104 1236 cognoscere.

119 1258 135 1306 4
216 1247 390 1320 llxceptioues
405 1256 507 1317 autem,
523 1247 620 1321 qulbus
636 1246 743 1303 debitor
757 1247 925 1320 defenditur,
946 1248 1106 1320 plerumque

152 1331 347 1386 accommodari
366 1330 456 1387 solent
476 1333 554 1386 etiam
570 1330 774 1387 fideiussoribus
789 1333 861 1386 eius:
883 1339 909 1387 et
924 1339 1009 1400 recte,
1032 1333 1107 1404 quia,

152 1414 226 1486 quod
249 1413 280 1469 ab
301 1414 342 1469 bis
363 1416 481 1487 petitur,
503 1415 530 1470 id
551 1414 583 1470 ab
607 1416 666 1488 ipso
687 1414 808 1470 debitore
830 1416 886 1488 peti
901 1414 1021 1485 ridetur,
1045 1416 1107 1488 quia

153 1497 268 1554 mandati
286 1498 383 1553 iudicio
404 1498 558 1554 redditurus
578 1507 621 1554 est
640 1500 694 1567 eis,
717 1499 789 1572 quod
810 1498 837 1552 hi
853 1514 902 1571 pro
918 1514 950 1554 eo
966 1498 1107 1554 solverint.

154 1599 207 1654 qua
222 1583 326 1637 ratione
341 1589 368 1638 et
383 1583 406 1636 si
421 1581 454 1636 de
468 1598 523 1637 non
542 1581 656 1655 petenda
671 1583 782 1656 pecunia
798 1589 892 1654 pactus
907 1583 967 1654 quis
982 1598 1042 1637 cum
1057 1599 1106 1638 reo

154 1664 252 1735 luerit,
275 1666 388 1737 placuit,
404 1664 516 1738 proinde
531 1666 740 1721 succurrendum
765 1681 824 1721 esse
849 1681 898 1738 per
921 1666 1107 1739 exceptionem

153 1748 224 1821 pacti
238 1750 362 1803 conventi
386 1747 439 1802 illis
459 1764 586 1820 quoque,
609 1750 654 1821 qui
668 1766 718 1822 pro
734 1765 766 1805 eo
783 1748 893 1822 obligati
909 1758 1015 1820 essent,
1037 1751 1108 1806 acsi

154 1839 181 1886 et
203 1847 263 1886 cum
284 1832 349 1904 ipsis
373 1839 466 1904 pactus
488 1840 579 1903 esset,
604 1848 638 1887 ne
660 1832 691 1887 ab
714 1834 752 1888 eis
774 1847 803 1887 ea
825 1834 937 1905 pecunia
958 1840 1107 1905 peteretur.

154 1930 216 1969 sane
232 1914 360 1987 quaedam
382 1916 554 1988 exceptiones
573 1932 627 1971 non
648 1915 737 1971 solent
751 1916 793 1971 his
809 1916 1013 1973 accommodari.
1045 1934 1109 1973 ecce

154 1999 224 2053 cuim
239 1997 345 2054 debitor
359 1999 382 2052 si
397 1998 475 2054 bonis
491 2001 545 2054 suis
561 2001 672 2055 cesserit
687 2007 714 2054 et
729 2015 789 2055 cum
805 2016 838 2055 eo
853 2001 972 2056 creditor
987 2003 1108 2074 experia-

154 2089 217 2152 tur,
238 2081 392 2138 deleuditur
407 2099 456 2157 per
471 2084 654 2156 exceptionem
675 2075 860 2140 nt1st¹norus
876 2099 1036 2142 cessurum:
1059 2086 1109 2142 sed

155 2165 219 2221 haec
235 2165 358 2238 exceptio
375 2164 576 2222 fideiussoribus
592 2183 647 2222 non
662 2166 756 2239 datur,
772 2167 876 2222 scilicet
891 2167 952 2223 ideo
967 2169 1043 2239 quia,
1062 2171 1109 2242 qui

155 2249 221 2304 alios
241 2266 291 2322 pro
312 2249 435 2305 debitore
457 2249 573 2323 obligat,
598 2251 650 2306 hoc
675 2251 786 2306 maxime
807 2252 955 2324 prospicit,
978 2259 1024 2325 ut,
1047 2269 1108 2309 cum

154 2331 324 2387 facultatibus
346 2332 436 2406 lapsus
457 2333 537 2389 luerit
559 2332 681 2406 debitor,
695 2335 782 2406 possit
797 2332 829 2389 ab
843 2335 902 2404 bis,
924 2351 993 2408 quos
1008 2353 1058 2409 pro
1073 2354 1107 2394 eo

155 2413 299 2488 obligavit,
315 2432 393 2472 suum
408 2419 546 2490 consequi.

571 2627 628 2668 um.
641 2628 691 2669 xv.

475 2713 524 2762 DE
542 2712 784 2765 INTERDIGTIS.

106 2846 144 2889 Pr.
222 2833 360 2906 Sequitur,
372 2841 401 2889 ut
413 2834 584 2908 dispiciamus
596 2834 629 2890 de
644 2835 792 2891 interdictis
804 2851 853 2892 seu
862 2835 1023 2908 actionibus,
1039 2853 1107 2909 quae

157 2933 206 2991 pro
221 2918 263 2973 bis
279 2925 447 2974 exercentur.
477 2927 553 2974 eraut
573 2926 660 2974 autem
675 2919 814 2976 interdicta
828 2919 931 2976 iormae
946 2929 1027 2993 atque
1042 2937 1106 2977 con·

156 3002 294 3074 ceptiones
314 3000 470 3071 verborum,
493 3001 590 3074 quibus
611 3010 720 3074 praetor
740 3010 785 3057 aut
805 3003 913 3058 iubebat
931 3003 1032 3078 aliquid
1047 3003 1105 3061 beri

157 3094 202 3140 aut
217 3083 273 3140 lieri
289 3083 455 3156 prohibebat.
492 3085 564 3158 quod
581 3093 637 3141 tum
652 3087 762 3142 maxime
776 3085 905 3157 iaciebat,
920 3103 979 3143 cum
996 3088 1028 3144 de
1043 3106 1105 3162 pos·

156 3169 277 3224 sessione
292 3176 337 3222 aut
353 3170 427 3241 quasi
442 3170 615 3241 possessione
629 3171 700 3226 inter
715 3170 818 3242 aliquos
834 3169 1056 3229 contendebatur.

157 3315 356 3324 ——————

224 3427 245 3491 ¹)
262 3429 288 3478 B
307 3419 371 3480 ἀλλ’
390 3426 415 3481 εἰ
432 3429 473 3495 μή
492 3431 602 3496 Tbcoplt.
619 3433 644 3482 si
666 3433 725 3483 WE
742 3439 768 3482 et
784 3434 861 3496 infer.
880 3437 954 3488 codd.
