<?xml version="1.0" encoding="UTF-8"?>
<!DOCTYPE html PUBLIC "-//W3C//DTD XHTML 1.0 Transitional//EN"
    "http://www.w3.org/TR/xhtml1/DTD/xhtml1-transitional.dtd">
<html xmlns="http://www.w3.org/1999/xhtml" xml:lang="en" lang="en">
 <head>
  <title>
</title>
<meta http-equiv="Content-Type" content="text/html;charset=utf-8" />
  <meta name='ocr-system' content='tesseract 3.04.00' />
  <meta name='ocr-capabilities' content='ocr_page ocr_carea ocr_par ocr_line ocrx_word'/>
</head>
<body>
  <div class='ocr_page' id='page_1' title='image "./impiustinianiin00huscgoog_0063.png"; bbox 0 0 2472 3896; ppageno 0'>
   <div class='ocr_carea' id='block_1_1' title="bbox 115 136 795 202">
    <p class='ocr_par' dir='ltr' id='par_1_1' title="bbox 115 136 795 202">
     <span class='ocr_line' id='line_1_1' title="bbox 115 136 795 202; baseline -0.007 -12"><span class='ocrx_word' id='word_1_1' title='bbox 115 136 156 202; x_wconf 83' lang='lat'><strong>38</strong></span> <span class='ocrx_word' id='word_1_2' title='bbox 394 154 429 188; x_wconf 83' lang='lat' dir='ltr'><strong>nn</strong></span> <span class='ocrx_word' id='word_1_3' title='bbox 449 151 542 188; x_wconf 72' lang='lat' dir='ltr'><strong>runnu</strong></span> <span class='ocrx_word' id='word_1_4' title='bbox 559 151 698 188; x_wconf 84' lang='lat' dir='ltr'><strong>nrvrsrorvs</strong></span> <span class='ocrx_word' id='word_1_5' title='bbox 716 137 752 198; x_wconf 90' lang='lat' dir='ltr'><strong>Il,</strong></span> <span class='ocrx_word' id='word_1_6' title='bbox 772 141 795 186; x_wconf 91' lang='lat'><strong>1.</strong></span> 
     </span>
    </p>
   </div>
   <div class='ocr_carea' id='block_1_2' title="bbox 18 287 1218 3462">
    <p class='ocr_par' dir='ltr' id='par_1_2' title="bbox 18 287 1097 3214">
     <span class='ocr_line' id='line_1_2' title="bbox 117 287 1080 368; baseline -0.009 -16"><span class='ocrx_word' id='word_1_7' title='bbox 117 295 274 368; x_wconf 87' lang='lat' dir='ltr'><strong>oooupantis</strong></span> <span class='ocrx_word' id='word_1_8' title='bbox 290 291 329 348; x_wconf 90' lang='lat' dir='ltr'><strong>lit.</strong></span> <span class='ocrx_word' id='word_1_9' title='bbox 360 293 508 348; x_wconf 77' lang='lat' dir='ltr'>naturalem</span> <span class='ocrx_word' id='word_1_10' title='bbox 528 299 618 348; x_wconf 89' lang='lat' dir='ltr'><strong>antem</strong></span> <span class='ocrx_word' id='word_1_11' title='bbox 633 289 782 347; x_wconf 86' lang='lat' dir='ltr'><strong>libertatem</strong></span> <span class='ocrx_word' id='word_1_12' title='bbox 802 293 922 364; x_wconf 84' lang='lat' dir='ltr'><strong>recipere</strong></span> <span class='ocrx_word' id='word_1_13' title='bbox 937 287 1080 363; x_wconf 77' lang='lat' dir='ltr'><strong>intellegi-</strong></span> 
     </span>
     <span class='ocr_line' id='line_1_3' title="bbox 118 374 1079 451; baseline -0.007 -17"><span class='ocrx_word' id='word_1_14' title='bbox 118 385 179 451; x_wconf 88' lang='lat' dir='ltr'><strong>tur‚·</strong></span> <span class='ocrx_word' id='word_1_15' title='bbox 189 395 249 434; x_wconf 90' lang='lat' dir='ltr'><strong>oum</strong></span> <span class='ocrx_word' id='word_1_16' title='bbox 263 377 305 432; x_wconf 85' lang='lat' dir='ltr'><strong>vel</strong></span> <span class='ocrx_word' id='word_1_17' title='bbox 320 375 415 432; x_wconf 87' lang='lat' dir='ltr'><strong>oeulos</strong></span> <span class='ocrx_word' id='word_1_18' title='bbox 430 384 493 431; x_wconf 90' lang='lat' dir='ltr'><strong>tuos</strong></span> <span class='ocrx_word' id='word_1_19' title='bbox 509 375 634 450; x_wconf 77' lang='lat' dir='ltr'><strong>effugerit</strong></span> <span class='ocrx_word' id='word_1_20' title='bbox 648 374 691 431; x_wconf 89' lang='lat' dir='ltr'><strong>vel</strong></span> <span class='ocrx_word' id='word_1_21' title='bbox 708 377 744 430; x_wconf 91' lang='lat' dir='ltr'><strong>lta</strong></span> <span class='ocrx_word' id='word_1_22' title='bbox 759 375 836 430; x_wconf 83' lang='lat' dir='ltr'><strong>sitin</strong></span> <span class='ocrx_word' id='word_1_23' title='bbox 851 381 999 447; x_wconf 81' lang='lat' dir='ltr'><strong>conspeetu</strong></span> <span class='ocrx_word' id='word_1_24' title='bbox 1015 381 1079 446; x_wconf 88' lang='lat' dir='ltr'><strong>tuo,</strong></span> 
     </span>
     <span class='ocr_line' id='line_1_4' title="bbox 70 455 1079 533; baseline -0.002 -19"><span class='ocrx_word' id='word_1_25' title='bbox 70 465 102 514; x_wconf 83' lang='lat'><strong>18</strong></span> <span class='ocrx_word' id='word_1_26' title='bbox 120 469 150 518; x_wconf 90' lang='lat' dir='ltr'><strong>ut</strong></span> <span class='ocrx_word' id='word_1_27' title='bbox 164 459 281 518; x_wconf 89' lang='lat' dir='ltr'><strong>dillieilis</strong></span> <span class='ocrx_word' id='word_1_28' title='bbox 292 460 327 515; x_wconf 88' lang='lat' dir='ltr'><strong>sit</strong></span> <span class='ocrx_word' id='word_1_29' title='bbox 340 460 397 515; x_wconf 89' lang='lat' dir='ltr'><strong>eius</strong></span> <span class='ocrx_word' id='word_1_30' title='bbox 412 460 575 533; x_wconf 83' lang='lat' dir='ltr'><strong>persecutio.</strong></span> <span class='ocrx_word' id='word_1_31' title='bbox 602 458 671 514; x_wconf 93' lang='lat' dir='ltr'><strong>lllud</strong></span> <span class='ocrx_word' id='word_1_32' title='bbox 685 460 837 530; x_wconf 85' lang='lat' dir='ltr'><strong>quaesitum</strong></span> <span class='ocrx_word' id='word_1_33' title='bbox 852 466 905 528; x_wconf 84' lang='lat' dir='ltr'><strong>est,</strong></span> <span class='ocrx_word' id='word_1_34' title='bbox 921 473 963 528; x_wconf 85' lang='lat' dir='ltr'><strong>an,</strong></span> <span class='ocrx_word' id='word_1_35' title='bbox 978 456 1003 511; x_wconf 87' lang='lat' dir='ltr'><strong>si</strong></span> <span class='ocrx_word' id='word_1_36' title='bbox 1018 455 1079 512; x_wconf 83' lang='lat' dir='ltr'><strong>iera</strong></span> 
     </span>
     <span class='ocr_line' id='line_1_5' title="bbox 118 539 1079 616; baseline -0.006 -14"><span class='ocrx_word' id='word_1_37' title='bbox 118 544 205 602; x_wconf 79' lang='lat' dir='ltr'><strong>bestia</strong></span> <span class='ocrx_word' id='word_1_38' title='bbox 220 546 257 600; x_wconf 91' lang='lat' dir='ltr'><strong>ita</strong></span> <span class='ocrx_word' id='word_1_39' title='bbox 271 542 409 599; x_wconf 79' lang='lat' dir='ltr'><strong>rubente</strong></span> <span class='ocrx_word' id='word_1_40' title='bbox 423 545 468 614; x_wconf 91' lang='lat' dir='ltr'><strong>sit,</strong></span> <span class='ocrx_word' id='word_1_41' title='bbox 492 554 522 599; x_wconf 90' lang='lat' dir='ltr'><strong>ut</strong></span> <span class='ocrx_word' id='word_1_42' title='bbox 536 544 595 616; x_wconf 85' lang='lat' dir='ltr'><strong>oapi</strong></span> <span class='ocrx_word' id='word_1_43' title='bbox 614 544 711 616; x_wconf 85' lang='lat' dir='ltr'><strong>possit,</strong></span> <span class='ocrx_word' id='word_1_44' title='bbox 730 544 821 599; x_wconf 80' lang='lat' dir='ltr'><strong>atatim</strong></span> <span class='ocrx_word' id='word_1_45' title='bbox 836 550 881 597; x_wconf 94' lang='lat' dir='ltr'><strong>tua</strong></span> <span class='ocrx_word' id='word_1_46' title='bbox 895 556 954 598; x_wconf 89' lang='lat' dir='ltr'><strong>esse</strong></span> <span class='ocrx_word' id='word_1_47' title='bbox 968 539 1079 596; x_wconf 89' lang='lat' dir='ltr'><strong>intelle·</strong></span> 
     </span>
     <span class='ocr_line' id='line_1_6' title="bbox 120 625 1080 700; baseline -0.005 -17"><span class='ocrx_word' id='word_1_48' title='bbox 120 635 209 700; x_wconf 73' lang='lat' dir='ltr'><strong>gatur.</strong></span> <span class='ocrx_word' id='word_1_49' title='bbox 241 625 398 700; x_wconf 88' lang='lat' dir='ltr'><strong>quibusdam</strong></span> <span class='ocrx_word' id='word_1_50' title='bbox 412 626 521 700; x_wconf 77' lang='lat' dir='ltr'>placuit,</span> <span class='ocrx_word' id='word_1_51' title='bbox 542 628 631 682; x_wconf 88' lang='lat' dir='ltr'><strong>statim</strong></span> <span class='ocrx_word' id='word_1_52' title='bbox 646 634 719 682; x_wconf 92' lang='lat' dir='ltr'><strong>tuam</strong></span> <span class='ocrx_word' id='word_1_53' title='bbox 734 643 795 682; x_wconf 84' lang='lat' dir='ltr'><strong>esse</strong></span> <span class='ocrx_word' id='word_1_54' title='bbox 810 633 837 682; x_wconf 86' lang='lat' dir='ltr'><strong>et</strong></span> <span class='ocrx_word' id='word_1_55' title='bbox 851 641 884 682; x_wconf 92' lang='lat' dir='ltr'><strong>eo</strong></span> <span class='ocrx_word' id='word_1_56' title='bbox 900 633 986 698; x_wconf 77' lang='lat' dir='ltr'><strong>utque</strong></span> <span class='ocrx_word' id='word_1_57' title='bbox 1001 631 1080 679; x_wconf 87' lang='lat' dir='ltr'><strong>tuam</strong></span> 
     </span>
     <span class='ocr_line' id='line_1_7' title="bbox 119 707 1080 784; baseline -0.002 -18"><span class='ocrx_word' id='word_1_58' title='bbox 119 711 212 776; x_wconf 89' lang='lat' dir='ltr'><strong>videri,</strong></span> <span class='ocrx_word' id='word_1_59' title='bbox 228 710 316 768; x_wconf 82' lang='lat' dir='ltr'><strong>donec</strong></span> <span class='ocrx_word' id='word_1_60' title='bbox 329 726 388 766; x_wconf 86' lang='lat' dir='ltr'><strong>eam</strong></span> <span class='ocrx_word' id='word_1_61' title='bbox 401 712 588 784; x_wconf 80' lang='lat' dir='ltr'><strong>persequaris3</strong></span> <span class='ocrx_word' id='word_1_62' title='bbox 610 710 707 782; x_wconf 90' lang='lat' dir='ltr'><strong>quodsi</strong></span> <span class='ocrx_word' id='word_1_63' title='bbox 721 710 835 766; x_wconf 82' lang='lat' dir='ltr'><strong>desieris</strong></span> <span class='ocrx_word' id='word_1_64' title='bbox 850 710 985 784; x_wconf 76' lang='lat' dir='ltr'>persequi,</span> <span class='ocrx_word' id='word_1_65' title='bbox 1006 707 1080 764; x_wconf 86' lang='lat' dir='ltr'><strong>desi·</strong></span> 
     </span>
     <span class='ocr_line' id='line_1_8' title="bbox 120 792 1082 867; baseline -0.002 -17"><span class='ocrx_word' id='word_1_66' title='bbox 120 810 185 850; x_wconf 88' lang='lat' dir='ltr'><strong>nere</strong></span> <span class='ocrx_word' id='word_1_67' title='bbox 199 803 270 850; x_wconf 91' lang='lat' dir='ltr'><strong>tuam</strong></span> <span class='ocrx_word' id='word_1_68' title='bbox 286 809 345 850; x_wconf 86' lang='lat' dir='ltr'><strong>esse</strong></span> <span class='ocrx_word' id='word_1_69' title='bbox 361 803 389 850; x_wconf 91' lang='lat' dir='ltr'><strong>et</strong></span> <span class='ocrx_word' id='word_1_70' title='bbox 402 811 497 850; x_wconf 87' lang='lat' dir='ltr'><strong>rursus</strong></span> <span class='ocrx_word' id='word_1_71' title='bbox 513 793 572 850; x_wconf 87' lang='lat' dir='ltr'><strong>fieri</strong></span> <span class='ocrx_word' id='word_1_72' title='bbox 586 794 754 867; x_wconf 85' lang='lat' dir='ltr'><strong>occupantis.</strong></span> <span class='ocrx_word' id='word_1_73' title='bbox 779 793 822 849; x_wconf 90' lang='lat' dir='ltr'><strong>alii</strong></span> <span class='ocrx_word' id='word_1_74' title='bbox 838 809 893 849; x_wconf 90' lang='lat' dir='ltr'><strong>uon</strong></span> <span class='ocrx_word' id='word_1_75' title='bbox 907 792 985 849; x_wconf 87' lang='lat' dir='ltr'><strong>aliter</strong></span> <span class='ocrx_word' id='word_1_76' title='bbox 999 799 1082 865; x_wconf 86' lang='lat' dir='ltr'><strong>puta·</strong></span> 
     </span>
     <span class='ocr_line' id='line_1_9' title="bbox 120 877 1082 952; baseline -0.002 -19"><span class='ocrx_word' id='word_1_77' title='bbox 120 886 216 934; x_wconf 82' lang='lat' dir='ltr'><strong>verunt</strong></span> <span class='ocrx_word' id='word_1_78' title='bbox 226 887 299 934; x_wconf 86' lang='lat' dir='ltr'><strong>tuam</strong></span> <span class='ocrx_word' id='word_1_79' title='bbox 310 895 382 951; x_wconf 89' lang='lat' dir='ltr'><strong>esse,</strong></span> <span class='ocrx_word' id='word_1_80' title='bbox 398 881 510 952; x_wconf 88' lang='lat' dir='ltr'><strong>quamsi</strong></span> <span class='ocrx_word' id='word_1_81' title='bbox 523 877 635 950; x_wconf 85' lang='lat' dir='ltr'><strong>ceperis.</strong></span> <span class='ocrx_word' id='word_1_82' title='bbox 661 877 709 934; x_wconf 84' lang='lat' dir='ltr'><strong>sed</strong></span> <span class='ocrx_word' id='word_1_83' title='bbox 723 879 902 951; x_wconf 77' lang='lat' dir='ltr'><strong>posteriorem</strong></span> <span class='ocrx_word' id='word_1_84' title='bbox 916 877 1082 932; x_wconf 86' lang='lat' dir='ltr'><strong>sententiam</strong></span> 
     </span>
     <span class='ocr_line' id='line_1_10' title="bbox 121 959 1083 1035; baseline -0.004 -17"><span class='ocrx_word' id='word_1_85' title='bbox 121 978 172 1018; x_wconf 88' lang='lat' dir='ltr'><strong>uos</strong></span> <span class='ocrx_word' id='word_1_86' title='bbox 192 959 392 1033; x_wconf 79' lang='lat' dir='ltr'><strong>confirmamus,</strong></span> <span class='ocrx_word' id='word_1_87' title='bbox 414 963 475 1035; x_wconf 89' lang='lat' dir='ltr'><strong>quia</strong></span> <span class='ocrx_word' id='word_1_88' title='bbox 492 961 575 1017; x_wconf 87' lang='lat' dir='ltr'><strong>multa</strong></span> <span class='ocrx_word' id='word_1_89' title='bbox 591 961 711 1018; x_wconf 81' lang='lat' dir='ltr'><strong>accidere</strong></span> <span class='ocrx_word' id='word_1_90' title='bbox 726 961 826 1035; x_wconf 80' lang='lat' dir='ltr'><strong>solent,</strong></span> <span class='ocrx_word' id='word_1_91' title='bbox 847 969 879 1018; x_wconf 86' lang='lat' dir='ltr'><strong>nt</strong></span> <span class='ocrx_word' id='word_1_92' title='bbox 894 977 949 1017; x_wconf 91' lang='lat' dir='ltr'><strong>eam</strong></span> <span class='ocrx_word' id='word_1_93' title='bbox 964 976 1018 1016; x_wconf 93' lang='lat' dir='ltr'><strong>nou</strong></span> <span class='ocrx_word' id='word_1_94' title='bbox 1034 975 1083 1015; x_wconf 78' lang='lat' dir='ltr'><strong>oa·</strong></span> 
     </span>
     <span class='ocr_line' id='line_1_11' title="bbox 74 1042 1083 1120; baseline 0.002 -22"><span class='ocrx_word' id='word_1_95' title='bbox 74 1047 189 1119; x_wconf 73' lang='lat' dir='ltr'><strong>tapies.</strong></span> <span class='ocrx_word' id='word_1_96' title='bbox 224 1048 321 1120; x_wconf 80' lang='lat' dir='ltr'><strong>Apium</strong></span> <span class='ocrx_word' id='word_1_97' title='bbox 344 1062 452 1119; x_wconf 87' lang='lat' dir='ltr'><strong>quoque</strong></span> <span class='ocrx_word' id='word_1_98' title='bbox 472 1054 566 1101; x_wconf 91' lang='lat' dir='ltr'><strong>natura</strong></span> <span class='ocrx_word' id='word_1_99' title='bbox 588 1045 644 1100; x_wconf 85' lang='lat' dir='ltr'><strong>iera</strong></span> <span class='ocrx_word' id='word_1_100' title='bbox 659 1053 711 1104; x_wconf 79' lang='lat' dir='ltr'><strong>est</strong></span> <span class='ocrx_word' id='word_1_101' title='bbox 739 1047 830 1118; x_wconf 87' lang='lat' dir='ltr'><strong>itaque</strong></span> <span class='ocrx_word' id='word_1_102' title='bbox 845 1061 913 1117; x_wconf 87' lang='lat' dir='ltr'><strong>quae</strong></span> <span class='ocrx_word' id='word_1_103' title='bbox 932 1047 960 1101; x_wconf 91' lang='lat' dir='ltr'><strong>iu</strong></span> <span class='ocrx_word' id='word_1_104' title='bbox 981 1042 1083 1100; x_wconf 90' lang='lat' dir='ltr'><strong>arbore</strong></span> 
     </span>
     <span class='ocr_line' id='line_1_12' title="bbox 123 1127 1084 1202; baseline -0.003 -17"><span class='ocrx_word' id='word_1_105' title='bbox 123 1138 168 1186; x_wconf 91' lang='lat' dir='ltr'><strong>tua</strong></span> <span class='ocrx_word' id='word_1_106' title='bbox 184 1129 372 1194; x_wconf 76' lang='lat' dir='ltr'><strong>consederint,</strong></span> <span class='ocrx_word' id='word_1_107' title='bbox 394 1137 536 1202; x_wconf 87' lang='lat' dir='ltr'><strong>antequam</strong></span> <span class='ocrx_word' id='word_1_108' title='bbox 550 1144 564 1184; x_wconf 92' lang='lat' dir='ltr'><strong>a</strong></span> <span class='ocrx_word' id='word_1_109' title='bbox 580 1137 607 1184; x_wconf 90' lang='lat' dir='ltr'><strong>te</strong></span> <span class='ocrx_word' id='word_1_110' title='bbox 622 1129 697 1185; x_wconf 84' lang='lat' dir='ltr'><strong>alveo</strong></span> <span class='ocrx_word' id='word_1_111' title='bbox 712 1127 900 1200; x_wconf 86' lang='lat' dir='ltr'><strong>includantur,</strong></span> <span class='ocrx_word' id='word_1_112' title='bbox 921 1145 977 1185; x_wconf 91' lang='lat' dir='ltr'><strong>nou</strong></span> <span class='ocrx_word' id='word_1_113' title='bbox 992 1129 1084 1199; x_wconf 83' lang='lat' dir='ltr'><strong>magis</strong></span> 
     </span>
     <span class='ocr_line' id='line_1_13' title="bbox 122 1211 1084 1286; baseline -0.003 -18"><span class='ocrx_word' id='word_1_114' title='bbox 122 1220 184 1269; x_wconf 86' lang='lat' dir='ltr'><strong>tuae</strong></span> <span class='ocrx_word' id='word_1_115' title='bbox 199 1229 260 1268; x_wconf 87' lang='lat' dir='ltr'><strong>esse</strong></span> <span class='ocrx_word' id='word_1_116' title='bbox 275 1211 481 1286; x_wconf 75' lang='lat' dir='ltr'><strong>intelleguntur,</strong></span> <span class='ocrx_word' id='word_1_117' title='bbox 498 1228 576 1286; x_wconf 92' lang='lat' dir='ltr'><strong>quam</strong></span> <span class='ocrx_word' id='word_1_118' title='bbox 591 1212 725 1285; x_wconf 88' lang='lat' dir='ltr'><strong>volueres,</strong></span> <span class='ocrx_word' id='word_1_119' title='bbox 741 1229 809 1286; x_wconf 87' lang='lat' dir='ltr'><strong>quae</strong></span> <span class='ocrx_word' id='word_1_120' title='bbox 824 1215 852 1268; x_wconf 90' lang='lat' dir='ltr'><strong>in</strong></span> <span class='ocrx_word' id='word_1_121' title='bbox 864 1222 911 1269; x_wconf 86' lang='lat' dir='ltr'><strong>tua</strong></span> <span class='ocrx_word' id='word_1_122' title='bbox 925 1211 1022 1268; x_wconf 92' lang='lat' dir='ltr'><strong>arbore</strong></span> <span class='ocrx_word' id='word_1_123' title='bbox 1036 1213 1084 1266; x_wconf 88' lang='lat' dir='ltr'><strong>ni-</strong></span> 
     </span>
     <span class='ocr_line' id='line_1_14' title="bbox 122 1295 1084 1369; baseline 0 -18"><span class='ocrx_word' id='word_1_124' title='bbox 122 1296 185 1351; x_wconf 91' lang='lat' dir='ltr'><strong>dum</strong></span> <span class='ocrx_word' id='word_1_125' title='bbox 201 1295 327 1352; x_wconf 83' lang='lat' dir='ltr'><strong>iecerint:</strong></span> <span class='ocrx_word' id='word_1_126' title='bbox 342 1296 458 1369; x_wconf 91' lang='lat' dir='ltr'><strong>ideoque</strong></span> <span class='ocrx_word' id='word_1_127' title='bbox 472 1297 494 1351; x_wconf 91' lang='lat' dir='ltr'><strong>si</strong></span> <span class='ocrx_word' id='word_1_128' title='bbox 511 1296 577 1352; x_wconf 91' lang='lat' dir='ltr'><strong>alius</strong></span> <span class='ocrx_word' id='word_1_129' title='bbox 589 1312 632 1352; x_wconf 89' lang='lat' dir='ltr'><strong>eas</strong></span> <span class='ocrx_word' id='word_1_130' title='bbox 647 1296 797 1369; x_wconf 82' lang='lat' dir='ltr'><strong>incluserit,</strong></span> <span class='ocrx_word' id='word_1_131' title='bbox 813 1301 835 1352; x_wconf 92' lang='lat' dir='ltr'><strong>is</strong></span> <span class='ocrx_word' id='word_1_132' title='bbox 847 1313 938 1353; x_wconf 91' lang='lat' dir='ltr'><strong>earum</strong></span> <span class='ocrx_word' id='word_1_133' title='bbox 952 1296 1084 1351; x_wconf 83' lang='lat' dir='ltr'><strong>dominus</strong></span> 
     </span>
     <span class='ocr_line' id='line_1_15' title="bbox 123 1379 1083 1454; baseline -0.001 -19"><span class='ocrx_word' id='word_1_134' title='bbox 123 1381 184 1436; x_wconf 88' lang='lat' dir='ltr'><strong>erit.</strong></span> <span class='ocrx_word' id='word_1_135' title='bbox 214 1379 288 1436; x_wconf 90' lang='lat' dir='ltr'><strong>lavos</strong></span> <span class='ocrx_word' id='word_1_136' title='bbox 300 1397 410 1454; x_wconf 87' lang='lat' dir='ltr'><strong>quoque</strong></span> <span class='ocrx_word' id='word_1_137' title='bbox 424 1382 446 1435; x_wconf 90' lang='lat' dir='ltr'><strong>si</strong></span> <span class='ocrx_word' id='word_1_138' title='bbox 467 1397 536 1454; x_wconf 87' lang='lat' dir='ltr'><strong>quos</strong></span> <span class='ocrx_word' id='word_1_139' title='bbox 556 1381 605 1436; x_wconf 89' lang='lat' dir='ltr'><strong>bae</strong></span> <span class='ocrx_word' id='word_1_140' title='bbox 627 1380 754 1452; x_wconf 80' lang='lat' dir='ltr'><strong>sederint,</strong></span> <span class='ocrx_word' id='word_1_141' title='bbox 770 1381 884 1454; x_wconf 86' lang='lat' dir='ltr'><strong>quilibet</strong></span> <span class='ocrx_word' id='word_1_142' title='bbox 898 1383 1014 1436; x_wconf 74' lang='lat' dir='ltr'><strong>eximere</strong></span> <span class='ocrx_word' id='word_1_143' title='bbox 1030 1395 1083 1452; x_wconf 90' lang='lat' dir='ltr'><strong>po·</strong></span> 
     </span>
     <span class='ocr_line' id='line_1_16' title="bbox 123 1463 1083 1538; baseline -0.001 -18"><span class='ocrx_word' id='word_1_144' title='bbox 123 1471 187 1521; x_wconf 85' lang='lat' dir='ltr'><strong>test.</strong></span> <span class='ocrx_word' id='word_1_145' title='bbox 218 1464 296 1538; x_wconf 86' lang='lat' dir='ltr'><strong>plane</strong></span> <span class='ocrx_word' id='word_1_146' title='bbox 310 1466 416 1538; x_wconf 81' lang='lat' dir='ltr'><strong>integra</strong></span> <span class='ocrx_word' id='word_1_147' title='bbox 430 1481 476 1538; x_wconf 90' lang='lat' dir='ltr'><strong>re,</strong></span> <span class='ocrx_word' id='word_1_148' title='bbox 496 1469 519 1520; x_wconf 87' lang='lat' dir='ltr'><strong>si</strong></span> <span class='ocrx_word' id='word_1_149' title='bbox 534 1464 683 1538; x_wconf 86' lang='lat' dir='ltr'><strong>provideris</strong></span> <span class='ocrx_word' id='word_1_150' title='bbox 703 1466 900 1538; x_wconf 73' lang='lat' dir='ltr'><strong>ingredientem</strong></span> <span class='ocrx_word' id='word_1_151' title='bbox 920 1467 948 1520; x_wconf 87' lang='lat' dir='ltr'><strong>in</strong></span> <span class='ocrx_word' id='word_1_152' title='bbox 965 1463 1083 1519; x_wconf 83' lang='lat' dir='ltr'><strong>fundum</strong></span> 
     </span>
     <span class='ocr_line' id='line_1_17' title="bbox 124 1547 1082 1621; baseline -0.002 -17"><span class='ocrx_word' id='word_1_153' title='bbox 124 1556 211 1620; x_wconf 89' lang='lat' dir='ltr'><strong>tuum,</strong></span> <span class='ocrx_word' id='word_1_154' title='bbox 226 1557 304 1621; x_wconf 82' lang='lat' dir='ltr'><strong>potes</strong></span> <span class='ocrx_word' id='word_1_155' title='bbox 316 1565 377 1604; x_wconf 92' lang='lat' dir='ltr'><strong>eum</strong></span> <span class='ocrx_word' id='word_1_156' title='bbox 388 1550 447 1606; x_wconf 91' lang='lat' dir='ltr'><strong>iure</strong></span> <span class='ocrx_word' id='word_1_157' title='bbox 457 1548 612 1621; x_wconf 87' lang='lat' dir='ltr'><strong>probibere,</strong></span> <span class='ocrx_word' id='word_1_158' title='bbox 627 1563 662 1603; x_wconf 92' lang='lat' dir='ltr'><strong>ne</strong></span> <span class='ocrx_word' id='word_1_159' title='bbox 673 1547 850 1621; x_wconf 81' lang='lat' dir='ltr'><strong>ingrediatur.</strong></span> <span class='ocrx_word' id='word_1_160' title='bbox 875 1563 994 1617; x_wconf 84' lang='lat' dir='ltr'><strong>eramen,</strong></span> <span class='ocrx_word' id='word_1_161' title='bbox 1004 1547 1082 1620; x_wconf 83' lang='lat' dir='ltr'><strong>quod</strong></span> 
     </span>
     <span class='ocr_line' id='line_1_18' title="bbox 124 1630 1083 1706; baseline -0.002 -18"><span class='ocrx_word' id='word_1_162' title='bbox 124 1648 157 1688; x_wconf 81' lang='lat' dir='ltr'><strong>ex</strong></span> <span class='ocrx_word' id='word_1_163' title='bbox 167 1632 242 1688; x_wconf 87' lang='lat' dir='ltr'><strong>alveo</strong></span> <span class='ocrx_word' id='word_1_164' title='bbox 260 1640 309 1687; x_wconf 88' lang='lat' dir='ltr'><strong>tuo</strong></span> <span class='ocrx_word' id='word_1_165' title='bbox 323 1632 478 1696; x_wconf 83' lang='lat' dir='ltr'><strong>evolaverit,</strong></span> <span class='ocrx_word' id='word_1_166' title='bbox 495 1647 526 1686; x_wconf 88' lang='lat' dir='ltr'><strong>eo</strong></span> <span class='ocrx_word' id='word_1_167' title='bbox 538 1647 624 1704; x_wconf 90' lang='lat' dir='ltr'><strong>usque</strong></span> <span class='ocrx_word' id='word_1_168' title='bbox 636 1638 711 1686; x_wconf 90' lang='lat' dir='ltr'><strong>tuum</strong></span> <span class='ocrx_word' id='word_1_169' title='bbox 723 1649 782 1688; x_wconf 87' lang='lat' dir='ltr'><strong>esse</strong></span> <span class='ocrx_word' id='word_1_170' title='bbox 795 1632 976 1706; x_wconf 86' lang='lat' dir='ltr'><strong>intellegitur,</strong></span> <span class='ocrx_word' id='word_1_171' title='bbox 991 1630 1083 1686; x_wconf 80' lang='lat' dir='ltr'><strong>donee</strong></span> 
     </span>
     <span class='ocr_line' id='line_1_19' title="bbox 123 1713 1081 1789; baseline 0 -20"><span class='ocrx_word' id='word_1_172' title='bbox 123 1717 152 1771; x_wconf 92' lang='lat' dir='ltr'><strong>in</strong></span> <span class='ocrx_word' id='word_1_173' title='bbox 167 1724 314 1786; x_wconf 86' lang='lat' dir='ltr'><strong>conspeetu</strong></span> <span class='ocrx_word' id='word_1_174' title='bbox 329 1723 376 1770; x_wconf 90' lang='lat' dir='ltr'><strong>tuo</strong></span> <span class='ocrx_word' id='word_1_175' title='bbox 391 1723 434 1770; x_wconf 84' lang='lat' dir='ltr'><strong>est</strong></span> <span class='ocrx_word' id='word_1_176' title='bbox 447 1731 498 1771; x_wconf 89' lang='lat' dir='ltr'><strong>neo</strong></span> <span class='ocrx_word' id='word_1_177' title='bbox 511 1713 627 1770; x_wconf 84' lang='lat' dir='ltr'><strong>difficilis</strong></span> <span class='ocrx_word' id='word_1_178' title='bbox 641 1717 699 1770; x_wconf 90' lang='lat' dir='ltr'><strong>elus</strong></span> <span class='ocrx_word' id='word_1_179' title='bbox 713 1719 867 1789; x_wconf 76' lang='lat' dir='ltr'><strong>persecutio</strong></span> <span class='ocrx_word' id='word_1_180' title='bbox 888 1724 944 1772; x_wconf 88' lang='lat' dir='ltr'><strong>est:</strong></span> <span class='ocrx_word' id='word_1_181' title='bbox 959 1715 1081 1788; x_wconf 88' lang='lat' dir='ltr'><strong>alioquin</strong></span> 
     </span>
     <span class='ocr_line' id='line_1_20' title="bbox 76 1795 1082 1870; baseline 0.006 -22"><span class='ocrx_word' id='word_1_182' title='bbox 76 1803 107 1849; x_wconf 86' lang='lat'><strong>15</strong></span> <span class='ocrx_word' id='word_1_183' title='bbox 126 1799 281 1870; x_wconf 82' lang='lat' dir='ltr'><strong>occupantis</strong></span> <span class='ocrx_word' id='word_1_184' title='bbox 296 1795 334 1852; x_wconf 85' lang='lat' dir='ltr'><strong>fir.</strong></span> <span class='ocrx_word' id='word_1_185' title='bbox 364 1797 499 1853; x_wconf 82' lang='lat' dir='ltr'><strong>Pavonum</strong></span> <span class='ocrx_word' id='word_1_186' title='bbox 521 1807 548 1854; x_wconf 91' lang='lat' dir='ltr'><strong>et</strong></span> <span class='ocrx_word' id='word_1_187' title='bbox 568 1797 752 1855; x_wconf 81' lang='lat' dir='ltr'><strong>columbarum</strong></span> <span class='ocrx_word' id='word_1_188' title='bbox 768 1801 824 1856; x_wconf 87' lang='lat' dir='ltr'><strong>iera</strong></span> <span class='ocrx_word' id='word_1_189' title='bbox 838 1808 935 1856; x_wconf 91' lang='lat' dir='ltr'><strong>natura</strong></span> <span class='ocrx_word' id='word_1_190' title='bbox 949 1807 1000 1854; x_wconf 87' lang='lat' dir='ltr'><strong>est.</strong></span> <span class='ocrx_word' id='word_1_191' title='bbox 1029 1814 1082 1854; x_wconf 85' lang='lat' dir='ltr'><strong>neo</strong></span> 
     </span>
     <span class='ocr_line' id='line_1_21' title="bbox 125 1881 1079 1954; baseline 0 -16"><span class='ocrx_word' id='word_1_192' title='bbox 125 1881 228 1938; x_wconf 82' lang='lat' dir='ltr'><strong>adrem</strong></span> <span class='ocrx_word' id='word_1_193' title='bbox 242 1883 373 1953; x_wconf 86' lang='lat' dir='ltr'><strong>pertinet,</strong></span> <span class='ocrx_word' id='word_1_194' title='bbox 390 1882 462 1954; x_wconf 91' lang='lat' dir='ltr'><strong>quod</strong></span> <span class='ocrx_word' id='word_1_195' title='bbox 477 1898 509 1937; x_wconf 86' lang='lat' dir='ltr'><strong>ex</strong></span> <span class='ocrx_word' id='word_1_196' title='bbox 525 1883 720 1940; x_wconf 86' lang='lat' dir='ltr'><strong>consuetudine</strong></span> <span class='ocrx_word' id='word_1_197' title='bbox 737 1884 841 1939; x_wconf 89' lang='lat' dir='ltr'><strong>avolare</strong></span> <span class='ocrx_word' id='word_1_198' title='bbox 857 1893 884 1940; x_wconf 91' lang='lat' dir='ltr'><strong>et</strong></span> <span class='ocrx_word' id='word_1_199' title='bbox 898 1883 1019 1939; x_wconf 78' lang='lat' dir='ltr'><strong>revolare</strong></span> <span class='ocrx_word' id='word_1_200' title='bbox 1033 1897 1079 1938; x_wconf 86' lang='lat' dir='ltr'><strong>so-</strong></span> 
     </span>
     <span class='ocr_line' id='line_1_22' title="bbox 124 1964 1080 2040; baseline 0.003 -21"><span class='ocrx_word' id='word_1_201' title='bbox 124 1964 195 2020; x_wconf 88' lang='lat' dir='ltr'><strong>lent:</strong></span> <span class='ocrx_word' id='word_1_202' title='bbox 218 1981 279 2020; x_wconf 92' lang='lat' dir='ltr'><strong>nam</strong></span> <span class='ocrx_word' id='word_1_203' title='bbox 302 1972 414 2038; x_wconf 81' lang='lat' dir='ltr'><strong>stapes</strong></span> <span class='ocrx_word' id='word_1_204' title='bbox 436 1965 506 2021; x_wconf 87' lang='lat' dir='ltr'><strong>idem</strong></span> <span class='ocrx_word' id='word_1_205' title='bbox 521 1965 638 2035; x_wconf 85' lang='lat' dir='ltr'><strong>iaciunt,</strong></span> <span class='ocrx_word' id='word_1_206' title='bbox 661 1983 770 2040; x_wconf 84' lang='lat' dir='ltr'><strong>quarum</strong></span> <span class='ocrx_word' id='word_1_207' title='bbox 786 1975 892 2024; x_wconf 85' lang='lat' dir='ltr'><strong>constat</strong></span> <span class='ocrx_word' id='word_1_208' title='bbox 913 1966 996 2024; x_wconf 88' lang='lat' dir='ltr'><strong>leram</strong></span> <span class='ocrx_word' id='word_1_209' title='bbox 1018 1981 1080 2022; x_wconf 87' lang='lat' dir='ltr'><strong>esse</strong></span> 
     </span>
     <span class='ocr_line' id='line_1_23' title="bbox 125 2050 1081 2123; baseline -0.001 -18"><span class='ocrx_word' id='word_1_210' title='bbox 125 2057 260 2106; x_wconf 89' lang='lat' dir='ltr'><strong>naturam:</strong></span> <span class='ocrx_word' id='word_1_211' title='bbox 283 2065 376 2105; x_wconf 81' lang='lat' dir='ltr'><strong>servos</strong></span> <span class='ocrx_word' id='word_1_212' title='bbox 392 2066 500 2122; x_wconf 90' lang='lat' dir='ltr'><strong>quoque</strong></span> <span class='ocrx_word' id='word_1_213' title='bbox 521 2052 557 2107; x_wconf 91' lang='lat' dir='ltr'><strong>ita</strong></span> <span class='ocrx_word' id='word_1_214' title='bbox 579 2051 685 2123; x_wconf 88' lang='lat' dir='ltr'><strong>quidam</strong></span> <span class='ocrx_word' id='word_1_215' title='bbox 700 2059 856 2107; x_wconf 88' lang='lat' dir='ltr'><strong>mansuetos</strong></span> <span class='ocrx_word' id='word_1_216' title='bbox 871 2050 983 2120; x_wconf 89' lang='lat' dir='ltr'><strong>babent,</strong></span> <span class='ocrx_word' id='word_1_217' title='bbox 1006 2059 1037 2105; x_wconf 94' lang='lat' dir='ltr'><strong>ut</strong></span> <span class='ocrx_word' id='word_1_218' title='bbox 1051 2051 1081 2105; x_wconf 92' lang='lat' dir='ltr'><strong>in</strong></span> 
     </span>
     <span class='ocr_line' id='line_1_24' title="bbox 125 2133 1081 2208; baseline 0.002 -20"><span class='ocrx_word' id='word_1_219' title='bbox 125 2133 205 2190; x_wconf 88' lang='lat' dir='ltr'><strong>silvas</strong></span> <span class='ocrx_word' id='word_1_220' title='bbox 226 2135 266 2189; x_wconf 91' lang='lat' dir='ltr'><strong>ire</strong></span> <span class='ocrx_word' id='word_1_221' title='bbox 289 2142 316 2188; x_wconf 89' lang='lat' dir='ltr'><strong>et</strong></span> <span class='ocrx_word' id='word_1_222' title='bbox 337 2133 424 2190; x_wconf 87' lang='lat' dir='ltr'><strong>redire</strong></span> <span class='ocrx_word' id='word_1_223' title='bbox 445 2134 564 2206; x_wconf 89' lang='lat' dir='ltr'><strong>soleant,</strong></span> <span class='ocrx_word' id='word_1_224' title='bbox 586 2150 701 2207; x_wconf 90' lang='lat' dir='ltr'><strong>quorum</strong></span> <span class='ocrx_word' id='word_1_225' title='bbox 723 2143 751 2190; x_wconf 93' lang='lat' dir='ltr'><strong>et</strong></span> <span class='ocrx_word' id='word_1_226' title='bbox 771 2137 892 2208; x_wconf 76' lang='lat' dir='ltr'><strong>ipsorum</strong></span> <span class='ocrx_word' id='word_1_227' title='bbox 914 2135 996 2191; x_wconf 88' lang='lat' dir='ltr'><strong>leram</strong></span> <span class='ocrx_word' id='word_1_228' title='bbox 1019 2149 1081 2190; x_wconf 85' lang='lat' dir='ltr'><strong>esse</strong></span> 
     </span>
     <span class='ocr_line' id='line_1_25' title="bbox 125 2217 1080 2292; baseline 0.001 -19"><span class='ocrx_word' id='word_1_229' title='bbox 125 2227 246 2274; x_wconf 89' lang='lat' dir='ltr'><strong>naturam</strong></span> <span class='ocrx_word' id='word_1_230' title='bbox 261 2233 340 2274; x_wconf 90' lang='lat' dir='ltr'><strong>nemo</strong></span> <span class='ocrx_word' id='word_1_231' title='bbox 354 2226 445 2292; x_wconf 76' lang='lat' dir='ltr'><strong>negat.</strong></span> <span class='ocrx_word' id='word_1_232' title='bbox 475 2219 503 2274; x_wconf 90' lang='lat' dir='ltr'><strong>iu</strong></span> <span class='ocrx_word' id='word_1_233' title='bbox 517 2219 560 2274; x_wconf 87' lang='lat' dir='ltr'><strong>his</strong></span> <span class='ocrx_word' id='word_1_234' title='bbox 575 2226 664 2274; x_wconf 89' lang='lat' dir='ltr'><strong>autem</strong></span> <span class='ocrx_word' id='word_1_235' title='bbox 680 2217 854 2288; x_wconf 81' lang='lat' dir='ltr'><strong>animalibus,</strong></span> <span class='ocrx_word' id='word_1_236' title='bbox 875 2233 944 2292; x_wconf 87' lang='lat' dir='ltr'><strong>quae</strong></span> <span class='ocrx_word' id='word_1_237' title='bbox 959 2235 991 2274; x_wconf 88' lang='lat' dir='ltr'><strong>ex</strong></span> <span class='ocrx_word' id='word_1_238' title='bbox 1013 2233 1080 2274; x_wconf 89' lang='lat' dir='ltr'><strong>oon·</strong></span> 
     </span>
     <span class='ocr_line' id='line_1_26' title="bbox 126 2298 1097 2376; baseline -0.002 -18"><span class='ocrx_word' id='word_1_239' title='bbox 126 2300 270 2357; x_wconf 83' lang='lat' dir='ltr'><strong>suetudine</strong></span> <span class='ocrx_word' id='word_1_240' title='bbox 284 2298 356 2356; x_wconf 90' lang='lat' dir='ltr'><strong>abire</strong></span> <span class='ocrx_word' id='word_1_241' title='bbox 374 2311 402 2356; x_wconf 89' lang='lat' dir='ltr'><strong>et</strong></span> <span class='ocrx_word' id='word_1_242' title='bbox 417 2302 505 2358; x_wconf 87' lang='lat' dir='ltr'><strong>redire</strong></span> <span class='ocrx_word' id='word_1_243' title='bbox 526 2302 631 2372; x_wconf 88' lang='lat' dir='ltr'><strong>solent,</strong></span> <span class='ocrx_word' id='word_1_244' title='bbox 652 2302 713 2359; x_wconf 90' lang='lat' dir='ltr'><strong>talis</strong></span> <span class='ocrx_word' id='word_1_245' title='bbox 728 2302 823 2376; x_wconf 81' lang='lat' dir='ltr'><strong>regula</strong></span> <span class='ocrx_word' id='word_1_246' title='bbox 838 2301 1012 2376; x_wconf 86' lang='lat' dir='ltr'><strong>comprobata</strong></span> <span class='ocrx_word' id='word_1_247' title='bbox 1027 2310 1079 2370; x_wconf 89' lang='lat' dir='ltr'><strong>est,</strong></span> <span class='ocrx_word' id='word_1_248' title='bbox 1092 2301 1097 2309; x_wconf 88' lang='lat'>&#39;</span> 
     </span>
     <span class='ocr_line' id='line_1_27' title="bbox 126 2384 1080 2460; baseline 0 -20"><span class='ocrx_word' id='word_1_249' title='bbox 126 2393 204 2440; x_wconf 89' lang='lat' dir='ltr'><strong>uteo</strong></span> <span class='ocrx_word' id='word_1_250' title='bbox 220 2399 307 2455; x_wconf 90' lang='lat' dir='ltr'><strong>usque</strong></span> <span class='ocrx_word' id='word_1_251' title='bbox 328 2391 372 2439; x_wconf 90' lang='lat' dir='ltr'><strong>tua</strong></span> <span class='ocrx_word' id='word_1_252' title='bbox 387 2399 446 2441; x_wconf 90' lang='lat' dir='ltr'><strong>esse</strong></span> <span class='ocrx_word' id='word_1_253' title='bbox 461 2384 668 2460; x_wconf 82' lang='lat' dir='ltr'><strong>intellegantur,</strong></span> <span class='ocrx_word' id='word_1_254' title='bbox 688 2387 776 2442; x_wconf 84' lang='lat' dir='ltr'><strong>donee</strong></span> <span class='ocrx_word' id='word_1_255' title='bbox 796 2387 913 2442; x_wconf 87' lang='lat' dir='ltr'><strong>animum</strong></span> <span class='ocrx_word' id='word_1_256' title='bbox 927 2385 1080 2442; x_wconf 84' lang='lat' dir='ltr'><strong>revertendi</strong></span> 
     </span>
     <span class='ocr_line' id='line_1_28' title="bbox 127 2465 1081 2541; baseline 0.001 -18"><span class='ocrx_word' id='word_1_257' title='bbox 127 2465 257 2523; x_wconf 87' lang='lat' dir='ltr'><strong>habeant:</strong></span> <span class='ocrx_word' id='word_1_258' title='bbox 269 2482 330 2521; x_wconf 90' lang='lat' dir='ltr'><strong>uam</strong></span> <span class='ocrx_word' id='word_1_259' title='bbox 344 2469 368 2522; x_wconf 91' lang='lat' dir='ltr'><strong>si</strong></span> <span class='ocrx_word' id='word_1_260' title='bbox 383 2468 537 2524; x_wconf 87' lang='lat' dir='ltr'><strong>revertendi</strong></span> <span class='ocrx_word' id='word_1_261' title='bbox 549 2472 666 2524; x_wconf 87' lang='lat' dir='ltr'><strong>animum</strong></span> <span class='ocrx_word' id='word_1_262' title='bbox 677 2467 775 2525; x_wconf 85' lang='lat' dir='ltr'><strong>habere</strong></span> <span class='ocrx_word' id='word_1_263' title='bbox 785 2468 921 2541; x_wconf 84' lang='lat' dir='ltr'><strong>desierint,</strong></span> <span class='ocrx_word' id='word_1_264' title='bbox 938 2471 1018 2526; x_wconf 88' lang='lat' dir='ltr'><strong>etlam</strong></span> <span class='ocrx_word' id='word_1_265' title='bbox 1032 2477 1081 2524; x_wconf 76' lang='lat' dir='ltr'><strong>tna</strong></span> 
     </span>
     <span class='ocr_line' id='line_1_29' title="bbox 127 2548 1080 2625; baseline 0.002 -19"><span class='ocrx_word' id='word_1_266' title='bbox 127 2567 187 2607; x_wconf 87' lang='lat' dir='ltr'><strong>esse</strong></span> <span class='ocrx_word' id='word_1_267' title='bbox 201 2549 327 2607; x_wconf 88' lang='lat' dir='ltr'><strong>desinunt</strong></span> <span class='ocrx_word' id='word_1_268' title='bbox 342 2558 369 2606; x_wconf 90' lang='lat' dir='ltr'><strong>et</strong></span> <span class='ocrx_word' id='word_1_269' title='bbox 384 2548 452 2606; x_wconf 89' lang='lat' dir='ltr'><strong>liunt</strong></span> <span class='ocrx_word' id='word_1_270' title='bbox 467 2553 662 2625; x_wconf 76' lang='lat' dir='ltr'><strong>occupantium.</strong></span> <span class='ocrx_word' id='word_1_271' title='bbox 691 2554 844 2609; x_wconf 88' lang='lat' dir='ltr'><strong>revertendi</strong></span> <span class='ocrx_word' id='word_1_272' title='bbox 859 2563 948 2609; x_wconf 88' lang='lat' dir='ltr'><strong>autem</strong></span> <span class='ocrx_word' id='word_1_273' title='bbox 961 2553 1080 2609; x_wconf 90' lang='lat' dir='ltr'><strong>animum</strong></span> 
     </span>
     <span class='ocr_line' id='line_1_30' title="bbox 18 2632 1079 2710; baseline 0.002 -20"><span class='ocrx_word' id='word_1_274' title='bbox 18 2688 20 2705; x_wconf 78' lang='grc'>,</span> <span class='ocrx_word' id='word_1_275' title='bbox 125 2634 251 2690; x_wconf 89' lang='lat' dir='ltr'><strong>videntur</strong></span> <span class='ocrx_word' id='word_1_276' title='bbox 265 2632 388 2690; x_wconf 89' lang='lat' dir='ltr'><strong>desinere</strong></span> <span class='ocrx_word' id='word_1_277' title='bbox 403 2634 512 2710; x_wconf 90' lang='lat' dir='ltr'><strong>babere,</strong></span> <span class='ocrx_word' id='word_1_278' title='bbox 527 2652 587 2692; x_wconf 89' lang='lat' dir='ltr'><strong>oum</strong></span> <span class='ocrx_word' id='word_1_279' title='bbox 603 2637 756 2693; x_wconf 88' lang='lat' dir='ltr'><strong>revertendi</strong></span> <span class='ocrx_word' id='word_1_280' title='bbox 772 2635 998 2694; x_wconf 83' lang='lat' dir='ltr'><strong>consuetudinem</strong></span> <span class='ocrx_word' id='word_1_281' title='bbox 1014 2637 1079 2692; x_wconf 86' lang='lat' dir='ltr'><strong>dese</strong></span> 
     </span>
     <span class='ocr_line' id='line_1_31' title="bbox 78 2715 1080 2794; baseline -0.003 -16"><span class='ocrx_word' id='word_1_282' title='bbox 78 2730 109 2778; x_wconf 84' lang='grc'><strong>16</strong></span> <span class='ocrx_word' id='word_1_283' title='bbox 127 2721 240 2775; x_wconf 90' lang='lat' dir='ltr'><strong>ruerint.</strong></span> <span class='ocrx_word' id='word_1_284' title='bbox 269 2715 429 2774; x_wconf 83' lang='lat' dir='ltr'><strong>Galliuarum</strong></span> <span class='ocrx_word' id='word_1_285' title='bbox 450 2729 478 2776; x_wconf 91' lang='lat' dir='ltr'><strong>et</strong></span> <span class='ocrx_word' id='word_1_286' title='bbox 493 2735 618 2776; x_wconf 89' lang='lat' dir='ltr'><strong>anserum</strong></span> <span class='ocrx_word' id='word_1_287' title='bbox 631 2737 687 2776; x_wconf 92' lang='lat' dir='ltr'><strong>non</strong></span> <span class='ocrx_word' id='word_1_288' title='bbox 708 2729 751 2776; x_wconf 88' lang='lat' dir='ltr'><strong>est</strong></span> <span class='ocrx_word' id='word_1_289' title='bbox 770 2720 826 2776; x_wconf 87' lang='lat' dir='ltr'><strong>iera</strong></span> <span class='ocrx_word' id='word_1_290' title='bbox 840 2729 937 2778; x_wconf 91' lang='lat' dir='ltr'><strong>natura</strong></span> <span class='ocrx_word' id='word_1_291' title='bbox 951 2721 1031 2794; x_wconf 85' lang='lat' dir='ltr'><strong>idque</strong></span> <span class='ocrx_word' id='word_1_292' title='bbox 1047 2733 1080 2775; x_wconf 78' lang='lat' dir='ltr'><strong>ex</strong></span> 
     </span>
     <span class='ocr_line' id='line_1_32' title="bbox 127 2803 1080 2879; baseline -0.002 -19"><span class='ocrx_word' id='word_1_293' title='bbox 127 2820 161 2860; x_wconf 89' lang='lat' dir='ltr'><strong>eo</strong></span> <span class='ocrx_word' id='word_1_294' title='bbox 175 2818 320 2877; x_wconf 85' lang='lat' dir='ltr'><strong>possumus</strong></span> <span class='ocrx_word' id='word_1_295' title='bbox 333 2803 508 2878; x_wconf 80' lang='lat' dir='ltr'><strong>intellegere,</strong></span> <span class='ocrx_word' id='word_1_296' title='bbox 531 2804 604 2876; x_wconf 89' lang='lat' dir='ltr'><strong>quod</strong></span> <span class='ocrx_word' id='word_1_297' title='bbox 619 2803 684 2860; x_wconf 88' lang='lat' dir='ltr'><strong>aliae</strong></span> <span class='ocrx_word' id='word_1_298' title='bbox 698 2812 763 2860; x_wconf 87' lang='lat' dir='ltr'><strong>sunt</strong></span> <span class='ocrx_word' id='word_1_299' title='bbox 777 2805 905 2879; x_wconf 84' lang='lat' dir='ltr'><strong>gallinae,</strong></span> <span class='ocrx_word' id='word_1_300' title='bbox 927 2821 992 2878; x_wconf 90' lang='lat' dir='ltr'><strong>quas</strong></span> <span class='ocrx_word' id='word_1_301' title='bbox 1007 2804 1080 2859; x_wconf 84' lang='lat' dir='ltr'><strong>ieras</strong></span> 
     </span>
     <span class='ocr_line' id='line_1_33' title="bbox 125 2886 1080 2962; baseline 0 -20"><span class='ocrx_word' id='word_1_302' title='bbox 125 2903 261 2956; x_wconf 87' lang='lat' dir='ltr'><strong>vooamus,</strong></span> <span class='ocrx_word' id='word_1_303' title='bbox 276 2889 341 2942; x_wconf 87' lang='lat' dir='ltr'><strong>item</strong></span> <span class='ocrx_word' id='word_1_304' title='bbox 355 2886 399 2943; x_wconf 93' lang='lat' dir='ltr'><strong>alii</strong></span> <span class='ocrx_word' id='word_1_305' title='bbox 413 2904 532 2958; x_wconf 89' lang='lat' dir='ltr'><strong>anseres,</strong></span> <span class='ocrx_word' id='word_1_306' title='bbox 549 2904 618 2960; x_wconf 89' lang='lat' dir='ltr'><strong>quos</strong></span> <span class='ocrx_word' id='word_1_307' title='bbox 633 2888 706 2944; x_wconf 87' lang='lat' dir='ltr'><strong>leros</strong></span> <span class='ocrx_word' id='word_1_308' title='bbox 721 2888 893 2962; x_wconf 86' lang='lat' dir='ltr'><strong>appellamus.</strong></span> <span class='ocrx_word' id='word_1_309' title='bbox 923 2889 1043 2962; x_wconf 87' lang='lat' dir='ltr'><strong>ideoque</strong></span> <span class='ocrx_word' id='word_1_310' title='bbox 1056 2889 1080 2942; x_wconf 90' lang='lat' dir='ltr'><strong>si</strong></span> 
     </span>
     <span class='ocr_line' id='line_1_34' title="bbox 126 2970 1079 3045; baseline 0 -19"><span class='ocrx_word' id='word_1_311' title='bbox 126 2988 234 3027; x_wconf 90' lang='lat' dir='ltr'><strong>anseres</strong></span> <span class='ocrx_word' id='word_1_312' title='bbox 247 2971 288 3026; x_wconf 89' lang='lat' dir='ltr'><strong>tui</strong></span> <span class='ocrx_word' id='word_1_313' title='bbox 298 2979 343 3025; x_wconf 90' lang='lat' dir='ltr'><strong>aut</strong></span> <span class='ocrx_word' id='word_1_314' title='bbox 354 2971 469 3045; x_wconf 77' lang='lat' dir='ltr'><strong>gallinae</strong></span> <span class='ocrx_word' id='word_1_315' title='bbox 481 2980 542 3027; x_wconf 94' lang='lat' dir='ltr'><strong>tuae</strong></span> <span class='ocrx_word' id='word_1_316' title='bbox 558 2970 646 3044; x_wconf 90' lang='lat' dir='ltr'><strong>aliquo</strong></span> <span class='ocrx_word' id='word_1_317' title='bbox 656 2989 718 3028; x_wconf 88' lang='lat' dir='ltr'><strong>oasu</strong></span> <span class='ocrx_word' id='word_1_318' title='bbox 734 2971 833 3028; x_wconf 91' lang='lat' dir='ltr'><strong>turbati</strong></span> <span class='ocrx_word' id='word_1_319' title='bbox 848 2971 1002 3028; x_wconf 89' lang='lat' dir='ltr'><strong>turbataeve</strong></span> <span class='ocrx_word' id='word_1_320' title='bbox 1017 2988 1079 3028; x_wconf 91' lang='lat' dir='ltr'><strong>evo·</strong></span> 
     </span>
     <span class='ocr_line' id='line_1_35' title="bbox 126 3055 1080 3132; baseline 0.001 -22"><span class='ocrx_word' id='word_1_321' title='bbox 126 3055 256 3128; x_wconf 88' lang='lat' dir='ltr'><strong>laverint,</strong></span> <span class='ocrx_word' id='word_1_322' title='bbox 272 3055 334 3111; x_wconf 87' lang='lat' dir='ltr'><strong>lieet</strong></span> <span class='ocrx_word' id='word_1_323' title='bbox 349 3067 523 3128; x_wconf 82' lang='lat' dir='ltr'><strong>conspectum</strong></span> <span class='ocrx_word' id='word_1_324' title='bbox 540 3063 615 3111; x_wconf 90' lang='lat' dir='ltr'><strong>tuum</strong></span> <span class='ocrx_word' id='word_1_325' title='bbox 631 3055 790 3129; x_wconf 83' lang='lat' dir='ltr'><strong>effugerint,</strong></span> <span class='ocrx_word' id='word_1_326' title='bbox 805 3072 975 3132; x_wconf 85' lang='lat' dir='ltr'><strong>quocumque</strong></span> <span class='ocrx_word' id='word_1_327' title='bbox 990 3064 1080 3112; x_wconf 89' lang='lat' dir='ltr'><strong>tamen</strong></span> 
     </span>
     <span class='ocr_line' id='line_1_36' title="bbox 125 3139 1079 3214; baseline -0.001 -19"><span class='ocrx_word' id='word_1_328' title='bbox 125 3139 187 3195; x_wconf 90' lang='lat' dir='ltr'><strong>loco</strong></span> <span class='ocrx_word' id='word_1_329' title='bbox 202 3140 267 3209; x_wconf 88' lang='lat' dir='ltr'><strong>sint,</strong></span> <span class='ocrx_word' id='word_1_330' title='bbox 283 3139 324 3193; x_wconf 92' lang='lat' dir='ltr'><strong>tui</strong></span> <span class='ocrx_word' id='word_1_331' title='bbox 340 3145 433 3193; x_wconf 88' lang='lat' dir='ltr'><strong>tuaeve</strong></span> <span class='ocrx_word' id='word_1_332' title='bbox 447 3155 507 3194; x_wconf 90' lang='lat' dir='ltr'><strong>esse</strong></span> <span class='ocrx_word' id='word_1_333' title='bbox 521 3139 732 3212; x_wconf 80' lang='lat' dir='ltr'><strong>intelleguntur:</strong></span> <span class='ocrx_word' id='word_1_334' title='bbox 754 3149 782 3196; x_wconf 91' lang='lat' dir='ltr'><strong>et</strong></span> <span class='ocrx_word' id='word_1_335' title='bbox 797 3141 844 3214; x_wconf 88' lang='lat' dir='ltr'><strong>qui</strong></span> <span class='ocrx_word' id='word_1_336' title='bbox 858 3139 978 3196; x_wconf 86' lang='lat' dir='ltr'><strong>lucrandi</strong></span> <span class='ocrx_word' id='word_1_337' title='bbox 991 3139 1079 3196; x_wconf 90' lang='lat' dir='ltr'><strong>animo</strong></span> 
     </span>
    </p>

    <p class='ocr_par' dir='ltr' id='par_1_3' title="bbox 77 3221 1218 3462">
     <span class='ocr_line' id='line_1_37' title="bbox 77 3221 1218 3296; baseline -0.005 -14"><span class='ocrx_word' id='word_1_338' title='bbox 77 3235 108 3283; x_wconf 80' lang='lat'><strong>17</strong></span> <span class='ocrx_word' id='word_1_339' title='bbox 127 3239 158 3278; x_wconf 92' lang='lat' dir='ltr'><strong>ea</strong></span> <span class='ocrx_word' id='word_1_340' title='bbox 173 3223 292 3278; x_wconf 90' lang='lat' dir='ltr'><strong>animalia</strong></span> <span class='ocrx_word' id='word_1_341' title='bbox 309 3222 419 3286; x_wconf 86' lang='lat' dir='ltr'><strong>retinet,</strong></span> <span class='ocrx_word' id='word_1_342' title='bbox 440 3221 542 3279; x_wconf 88' lang='lat' dir='ltr'><strong>lurtum</strong></span> <span class='ocrx_word' id='word_1_343' title='bbox 563 3224 731 3280; x_wconf 77' lang='lat' dir='ltr'><strong>committere</strong></span> <span class='ocrx_word' id='word_1_344' title='bbox 750 3223 928 3296; x_wconf 80' lang='lat' dir='ltr'><strong>intellegitur.</strong></span> <span class='ocrx_word' id='word_1_345' title='bbox 957 3221 1024 3279; x_wconf 91' lang='lat' dir='ltr'><strong>ltem</strong></span> <span class='ocrx_word' id='word_1_346' title='bbox 1038 3221 1115 3294; x_wconf 70' lang='lat' dir='ltr'><strong>ea,0</strong></span> <span class='ocrx_word' id='word_1_347' title='bbox 1216 3248 1218 3262; x_wconf 47' lang='lat' dir='ltr'><strong>s</strong></span> 
     </span>
     <span class='ocr_line' id='line_1_38' title="bbox 129 3304 1080 3381; baseline 0 -20"><span class='ocrx_word' id='word_1_348' title='bbox 129 3322 196 3378; x_wconf 89' lang='lat' dir='ltr'><strong>quae</strong></span> <span class='ocrx_word' id='word_1_349' title='bbox 211 3322 243 3362; x_wconf 84' lang='lat' dir='ltr'><strong>ex</strong></span> <span class='ocrx_word' id='word_1_350' title='bbox 263 3304 386 3361; x_wconf 89' lang='lat' dir='ltr'><strong>hostibus</strong></span> <span class='ocrx_word' id='word_1_351' title='bbox 407 3307 540 3379; x_wconf 82' lang='lat' dir='ltr'><strong>sapimus,</strong></span> <span class='ocrx_word' id='word_1_352' title='bbox 561 3309 620 3364; x_wconf 91' lang='lat' dir='ltr'><strong>lure</strong></span> <span class='ocrx_word' id='word_1_353' title='bbox 640 3309 761 3381; x_wconf 81' lang='lat' dir='ltr'><strong>gentium</strong></span> <span class='ocrx_word' id='word_1_354' title='bbox 781 3309 872 3362; x_wconf 81' lang='lat' dir='ltr'><strong>statim</strong></span> <span class='ocrx_word' id='word_1_355' title='bbox 890 3316 983 3365; x_wconf 87' lang='lat' dir='ltr'><strong>nostra</strong></span> <span class='ocrx_word' id='word_1_356' title='bbox 996 3305 1080 3362; x_wconf 84' lang='lat' dir='ltr'><strong>bunt:</strong></span> 
     </span>
     <span class='ocr_line' id='line_1_39' title="bbox 127 3387 1081 3462; baseline -0.001 -17"><span class='ocrx_word' id='word_1_357' title='bbox 127 3388 194 3446; x_wconf 89' lang='lat' dir='ltr'><strong>adeo</strong></span> <span class='ocrx_word' id='word_1_358' title='bbox 206 3389 324 3462; x_wconf 91' lang='lat' dir='ltr'><strong>quidem,</strong></span> <span class='ocrx_word' id='word_1_359' title='bbox 339 3397 370 3444; x_wconf 89' lang='lat' dir='ltr'><strong>ut</strong></span> <span class='ocrx_word' id='word_1_360' title='bbox 384 3397 412 3445; x_wconf 88' lang='lat' dir='ltr'><strong>et</strong></span> <span class='ocrx_word' id='word_1_361' title='bbox 427 3387 503 3445; x_wconf 89' lang='lat' dir='ltr'><strong>liberl</strong></span> <span class='ocrx_word' id='word_1_362' title='bbox 514 3391 636 3447; x_wconf 92' lang='lat' dir='ltr'><strong>homines</strong></span> <span class='ocrx_word' id='word_1_363' title='bbox 648 3393 676 3446; x_wconf 91' lang='lat' dir='ltr'><strong>iu</strong></span> <span class='ocrx_word' id='word_1_364' title='bbox 691 3392 848 3446; x_wconf 88' lang='lat' dir='ltr'><strong>servitutem</strong></span> <span class='ocrx_word' id='word_1_365' title='bbox 863 3399 983 3446; x_wconf 85' lang='lat' dir='ltr'><strong>nostram</strong></span> <span class='ocrx_word' id='word_1_366' title='bbox 997 3389 1081 3446; x_wconf 90' lang='lat' dir='ltr'><strong>dedu·</strong></span> 
     </span>
    </p>
   </div>
   <div class='ocr_carea' id='block_1_3' title="bbox 0 0 1247 3892">
    <p class='ocr_par' dir='ltr' id='par_1_4' title="bbox 0 0 1247 3892">
     <span class='ocr_line' id='line_1_40' title="bbox 0 0 1247 3892; baseline 0 0"><span class='ocrx_word' id='word_1_367' title='bbox 0 0 1247 3892; x_wconf 95' lang='lat' dir='ltr'><strong> </strong></span> 
     </span>
    </p>
   </div>
  </div>
 </body>
</html>
