2500 3890
462 175 497 208 nn
514 174 675 211 norrosmus
694 160 741 222 IV,
760 161 784 209 6.
1039 159 1099 222 173

145 322 188 369 tor
210 313 353 388 quadrupli
368 315 424 370 sive
445 331 495 370 nec
511 314 644 370 manifesti
659 314 751 388 dupli,
772 316 804 371 dc
819 314 876 371 sola
891 331 977 388 poena
993 317 1098 389 agitur:

145 414 203 453 nam
220 400 304 472 ipsam
319 414 377 454 rem
396 400 506 472 propria
526 400 629 454 actione
646 401 817 470 persequitur
832 400 906 471 quis,
924 399 950 453 id
966 407 1007 455 est
1022 415 1098 454 suam

144 498 203 537 esse
215 491 320 556 petens,
330 483 385 538 sive
403 482 447 537 lur
457 483 515 555 ipse
528 499 584 538 eum
598 499 653 538 rem
665 483 811 556 possideat,
824 485 880 538 sive
892 483 959 538 alius
971 481 1097 555 quilibet:

144 581 176 621 eo
192 565 306 640 emplius
321 565 449 622 adversus
470 566 556 621 iurem
571 567 648 620 etiarn
670 567 805 623 condictio
827 569 932 622 estrei.
962 565 992 622 Vi
1008 575 1096 622 autem
1117 564 1147 611 19

144 649 277 705 bonorum
293 658 430 722 raptorum
447 651 517 706 actio
533 649 613 704 mixta
629 658 680 718 est,
696 652 759 723 quia
773 653 800 706 iu
817 650 968 724 quadruplo
983 651 1022 706 rei
1036 668 1097 724 per·

144 735 247 790 secutio
261 735 425 803 continetur,
439 750 524 806 poena
535 741 624 789 autem
638 734 709 806 tripli
722 741 772 790 est.
796 734 842 788 sed
855 744 882 790 et
892 733 962 807 legis
977 735 1098 806 Aquiliae

144 819 211 873 actio
227 817 261 873 dc
276 817 373 872 damno
385 818 466 873 mixta
477 825 528 886 est,
545 833 599 872 non
615 817 702 873 solum
718 820 739 874 si
755 817 882 873 adversus
896 816 1055 874 infitiantem
1071 820 1098 874 in

143 900 255 974 duplum
275 909 386 975 agatur,
408 901 454 956 sed
476 900 612 956 interdum
634 910 661 956 et
681 902 704 957 si
719 903 745 956 in
761 902 886 974 simplum
902 903 1016 972 quisque
1031 903 1097 975 egit.

145 985 226 1041 veluti
246 987 269 1039 sl
291 986 350 1058 quis
370 985 504 1040 hominem
525 983 647 1040 claudum
664 994 710 1041 aut
725 985 828 1040 luscum
844 984 986 1056 occiderit,
1009 987 1055 1057 qui
1069 987 1097 1040 in

144 1084 175 1123 ec
191 1085 262 1124 atino
285 1070 390 1140 integer
410 1077 438 1125 et
457 1069 546 1141 magni
567 1069 647 1141 pretii
661 1068 758 1136 fuerit3
781 1070 848 1124 tanti
863 1070 931 1124 enim
946 1068 1097 1140 damnatur,

144 1154 237 1223 quanti
251 1154 274 1206 is
290 1152 371 1207 homo
386 1153 413 1207 in
428 1168 460 1207 ec
476 1167 546 1206 anuo
562 1151 669 1224 plurimi
681 1153 775 1224 luerit,
789 1153 936 1209 secundum
951 1154 1002 1207 iam
1018 1152 1098 1207 tredi-

144 1245 196 1290 tam
211 1236 378 1292 divisionem.
415 1238 479 1292 item
500 1236 579 1290 mixtu
599 1244 641 1290 est
661 1237 730 1292 actio
747 1244 841 1292 contra
857 1253 921 1306 eos,
942 1238 988 1308 qui
1004 1235 1097 1293 relicta

144 1319 322 1376 sacrosanctis
345 1319 466 1376 ecclesiis
495 1317 535 1373 vel
564 1318 621 1374 aliis
644 1319 840 1375 venerabilibus
861 1320 929 1377 locis
950 1319 1035 1394 legati
1057 1320 1097 1375 vel

144 1401 343 1459 fideicommissi
357 1404 466 1459 nominc
482 1402 545 1458 dure
560 1401 714 1458 distulerint
728 1419 814 1474 usque
829 1403 913 1472 odeo,
929 1411 961 1458 ut
975 1405 1054 1458 etiam
1069 1404 1097 1459 iu

144 1486 271 1543 iudicium
286 1496 460 1543 vocarentur:
481 1495 546 1541 tunc
560 1487 659 1542 etenim
674 1495 701 1542 et
716 1487 801 1558 ipsam
816 1503 872 1542 rem
888 1486 929 1542 vel
945 1487 1096 1560 pecuniam,

144 1586 212 1642 quae
227 1571 320 1626 relicta
336 1579 387 1641 est,
403 1571 466 1626 dare
478 1569 676 1642 compelluntur
691 1579 718 1624 et
732 1569 802 1625 aliud
818 1578 918 1626 tantum
935 1586 984 1642 pro
999 1586 1097 1643 poena,

143 1664 169 1710 et
183 1655 245 1710 ideo
260 1655 289 1710 in
304 1654 414 1728 duplum
429 1655 487 1710 eius
502 1651 532 1708 fit
546 1653 743 1710 condemnatio.

205 1738 339 1804 Quaedam
349 1739 470 1794 actiones
482 1738 589 1792 mixtam
601 1753 706 1793 causam
722 1738 846 1810 optinere
860 1738 986 1794 videntur
1001 1746 1053 1793 tam
1070 1740 1097 1793 in
1114 1736 1147 1783 2⁰

142 1839 197 1878 rem
213 1838 293 1894 quam
308 1823 336 1878 in
352 1838 503 1892 personam.
540 1821 627 1894 qualis
642 1830 684 1876 est
699 1822 813 1878 lamiliee
827 1822 1001 1878 erciscundae
1017 1823 1097 1894 actio,

142 1923 210 1978 quae
226 1907 356 1978 competit
371 1905 547 1962 coheredibus
563 1905 596 1962 de
612 1905 751 1961 dividenda
766 1906 929 1962 hereditate:
945 1907 1009 1962 item
1025 1922 1097 1961 ccm-

142 1991 216 2046 muni
237 1989 397 2059 dividundo,
419 2005 486 2061 quae
506 1991 645 2044 intereos
667 1989 805 2058 redditur,
827 1990 898 2046 inter
913 2005 982 2061 quos
997 1989 1097 2060 aliquid

142 2090 285 2130 commune
293 2090 326 2130 en
337 2089 505 2146 quacumque
516 2065 612 2128 causa¹
622 2082 675 2140 est,
690 2080 721 2127 ut
731 2072 759 2127 id
770 2071 915 2127 dividatur:
927 2073 992 2127 item
1004 2069 1097 2127 finium

142 2157 338 2231 regundorum,
353 2173 419 2228 quae
433 2159 504 2212 iuter
518 2173 565 2212 eos
581 2157 679 2228 agitur,
696 2157 742 2227 qui
756 2153 875 2211 contines
891 2171 973 2230 agros
989 2154 1095 2211 habent.

142 2245 170 2298 in
185 2242 284 2313 quibus
300 2243 384 2296 tribus
399 2241 506 2297 iudiciis
517 2240 684 2314 permittitur
698 2240 779 2295 iudici
793 2256 850 2296 rem
865 2239 944 2295 alicui
959 2257 991 2295 ex
1006 2239 1096 2313 litiga-

143 2325 247 2382 toribus
263 2342 294 2380 er
309 2323 382 2380 bono
397 2333 425 2381 et
440 2340 526 2394 aequo
542 2324 692 2380 adiudicare
707 2331 745 2394 et,
760 2324 784 2378 si
798 2324 878 2379 unius
893 2341 955 2398 pars
970 2341 1096 2398 praegre-

142 2410 197 2464 vari
214 2408 362 2478 videbitur,
382 2424 443 2464 eum
462 2409 575 2464 invicem
595 2416 669 2464 certa
690 2408 800 2480 pecunia
816 2408 895 2464 elteri
909 2409 1095 2465 condemnare.

205 2491 304 2548 Omnes
320 2501 409 2548 nutem
430 2493 550 2549 actiones
570 2491 610 2548 vel
632 2492 658 2546 in
675 2492 801 2564 simplum
815 2502 961 2567 conceptae
976 2501 1040 2548 sunt
1055 2493 1096 2548 vel
1114 2490 1144 2537 21

142 2578 170 2631 in
191 2575 302 2649 duplum
323 2576 363 2631 vel
384 2577 412 2630 iu
435 2575 545 2648 triplum
566 2576 608 2632 vel
623 2576 651 2629 in
666 2576 858 2649 quadruplum:
877 2576 992 2631 ulterius
1007 2585 1095 2630 autem

141 2660 215 2716 nulla
235 2661 306 2715 actio
322 2659 487 2733 extenditur.
532 2660 561 2714 ln
581 2659 705 2732 simplum
728 2662 818 2733 agitor
838 2659 922 2715 veluti
937 2675 969 2714 ex
983 2659 1095 2730 stipula·
1114 2657 1163 2704 22.

142 2746 227 2814 tione,
244 2761 276 2799 ex
291 2744 378 2798 mutui
393 2742 512 2814 datione,
528 2753 683 2816 exempto,
698 2744 817 2812 vendito,
833 2743 933 2811 locato,
950 2741 1095 2812 conducto,

142 2828 267 2884 mandato
288 2835 316 2882 et
336 2826 451 2899 denique
472 2843 503 2883 er
524 2826 584 2883 aliis
598 2825 782 2900 compluribus
797 2827 895 2882 causis.
939 2825 968 2880 ln
983 2825 1094 2897 duplum
1113 2826 1145 2874 ‘23

142 2914 247 2986 agimus
258 2911 341 2966 veluti
354 2911 419 2966 lurti
436 2927 485 2967 nec
497 2910 641 2980 manifesti,
656 2910 745 2965 damni
761 2909 873 2966 iniuriae
890 2925 921 2964 ex
936 2909 997 2981 lege
1013 2911 1094 2980 Aqui-

78 3009 81 3015 ’
143 2996 186 3066 lia,
204 2995 321 3069 depositi
342 3011 374 3048 ex
389 2994 546 3067 quibusdam
562 2993 681 3050 casibus:
702 2994 766 3049 item
782 2995 852 3049 servi
867 2993 1004 3066 corrupti,
1025 3009 1095 3064 qnae

143 3081 272 3153 competit
289 3079 316 3134 in
330 3095 401 3147 eum,
416 3080 491 3135 cuius
504 3078 613 3133 hortatu
630 3078 776 3134 consiliove
792 3094 885 3132 servus
901 3077 1002 3132 alienus
1018 3076 1095 3150 luge·

143 3165 178 3220 rit
199 3173 247 3220 aut
266 3171 408 3219 contumax
428 3163 554 3218 adversus
575 3161 712 3218 dominum
733 3162 818 3217 lactus
839 3169 881 3216 est
896 3169 942 3217 aut
956 3161 1094 3217 luxoriose

211 3359 231 3426 ¹)
250 3375 387 3411 commune
413 3375 445 3410 ex
472 3374 549 3423 quac.
577 3375 600 3409 c.
629 3360 707 3423 aliqui
728 3360 800 3410 codd.
823 3359 900 3422 infer.
923 3358 1033 3424 Tbeopd.
1060 3373 1093 3408 ex

145 3442 223 3493 quac.
242 3445 265 3479 c.
284 3442 421 3478 commune
433 3427 458 3476 B
471 3441 609 3476 commune
622 3427 690 3476 EW
699 3429 826 3492 ceterique
844 3429 902 3477 edd.
914 3425 987 3480 Sebr.
1005 3434 1030 3476 et
1041 3427 1092 3479 Kr.
