2492 3896
352 233 388 268 nn
405 232 553 292 eorumne
570 217 783 270 suisrrrurronn
801 220 838 281 II,
858 221 898 270 16.
1059 217 1099 281 73

141 389 211 446 quas
226 375 255 428 in
267 373 437 429 institutione
453 375 598 447 expressit:
615 381 645 430 et
658 376 695 430 ita
706 374 782 430 dium
792 373 859 430 Pius
868 374 1017 446 rescripsit.
1047 373 1099 429 Sed
1117 385 1133 432 t

141 459 169 512 si
180 458 311 513 institute
324 456 417 512 heredi
432 464 460 512 et
474 457 600 514 roboredi
614 474 664 513 suo
676 456 824 514 substituto
838 458 901 514 dato
917 458 984 514 alius
999 455 1097 514 substi-

140 549 221 598 tutus
233 541 327 612 luerit,
347 540 401 596 divi
412 539 526 596 Severus
540 549 568 597 et
579 542 730 598 Antoninus
746 544 804 598 slus
819 542 991 598 distinetione
1001 542 1097 597 reseri-
1135 557 1138 562 ·

139 633 274 699 pserunt,
295 624 326 680 ad
343 633 484 697 utramque
497 633 601 698 partem
616 623 792 680 substitutum
807 626 922 682 admitti.
951 625 979 681 Si
993 641 1101 682 servum
1117 634 1134 681 4

140 708 268 764 alienum
280 709 341 780 quis
355 707 571 780 patremfamilias
585 708 744 778 arbitratus,
768 708 894 764 heredem
908 709 1049 783 scripserit
1064 717 1102 780 et,

138 795 166 848 si
180 793 264 847 heres
278 808 333 847 nou
348 800 439 862 esset,
459 791 586 847 Maeuium
603 794 626 848 ei
641 792 811 848 substituerit
824 793 902 865 isque
916 809 1010 848 servus
1024 794 1102 849 ltrssu

139 875 248 932 domiui
263 875 361 931 adierit
372 874 563 946 hereditatem,
578 875 692 931 Maeuius
707 877 736 932 in
750 884 854 948 partem
868 875 1028 933 admittitur.
1055 875 1101 932 ilia

139 961 222 1016 enim.
237 957 316 1014 verbu
337 973 370 1015 sr.
386 973 488 1016 nunus
508 975 571 1016 nou
586 975 660 1017 nnrr
679 961 706 1014 lu
730 975 763 1016 eo
779 957 900 1032 quidem,
921 975 1000 1033 quem
1014 958 1103 1016 alieno

138 1043 199 1099 iuri
219 1041 370 1098 subiectum
392 1058 452 1098 esse
474 1051 589 1100 testator
611 1045 678 1115 seit,
704 1044 744 1099 sie
765 1043 946 1116 accipiuntur:
968 1042 1102 1115 sineque

138 1129 203 1201 ipse
213 1127 295 1182 ireres
304 1128 355 1181 orit
366 1141 454 1199 neque
466 1125 546 1183 ilium
556 1127 682 1183 heredem
697 1126 827 1184 effecerit:
848 1128 876 1182 iu
887 1143 920 1182 eo
932 1141 1006 1197 vero,
1022 1141 1101 1197 quem

137 1209 363 1284 patremfamilias
389 1226 450 1266 esse
476 1210 635 1281 arbitratur,
662 1210 728 1266 illud
755 1209 922 1284 significent:
951 1211 975 1266 si
995 1208 1102 1266 heredi-

138 1302 228 1351 tatem
244 1292 298 1348 sibi
310 1295 385 1364 eive,
399 1295 476 1350 euius
491 1294 543 1350 iuri
558 1301 653 1366 postea
668 1293 806 1351 suhieotus
822 1309 882 1350 esse
896 1295 1031 1367 eoeperit,
1046 1308 1103 1348 uon

140 1377 315 1450 adquisierit.
344 1371 447 1450 ¹1dque
456 1370 598 1434 Tiberius²
609 1373 709 1434 Caesar
718 1379 746 1432 iu
755 1393 870 1450 persona
880 1377 1016 1433 Parthenii
1033 1377 1102 1432 servi

140 1463 190 1518 sui
205 1460 356 1517 constituit

561 1637 619 1678 itt't'.
631 1635 696 1680 xvi

329 1739 380 1790 Du
398 1737 597 1791 PUPILLARI
614 1737 913 1796 SUBSTI'I'UTIONE.

211 1871 332 1942 ³Liberis,
350 1879 409 1934 suis
428 1877 627 1951 impuberibus,
646 1895 714 1951 quos
734 1878 761 1936 in
782 1886 917 1951 potnstate
932 1878 994 1952 quis
1008 1876 1100 1949 lubet,
1112 1883 1149 1928 Pr.

138 1979 201 2020 non
216 1962 303 2018 solum
319 1963 372 2030 ite,
386 1970 417 2018 ut
431 1978 512 2034 supra
527 1961 649 2032 uiuimus,
666 1961 829 2018 substituere
843 1969 945 2035 potest,
960 1961 987 2016 ld
1003 1970 1101 2031 estut,

141 2047 169 2102 si
185 2044 299 2101 heredes
315 2046 339 2102 ei
353 2061 408 2100 nou
424 2046 578 2115 extiterint,
590 2045 657 2101 alius
673 2046 697 2101 ei
712 2047 748 2100 sit
762 2045 855 2114 beros,
876 2045 971 2100 sedeo
987 2043 1101 2116 emplius

142 2137 178 2185 ut
193 2137 238 2198 et,
257 2131 279 2184 si
294 2127 408 2184 heredes
423 2129 448 2184 ei
463 2129 601 2184 extiterint
617 2137 645 2184 et
659 2128 746 2183 adhue
761 2127 912 2200 impuberes
927 2128 1027 2182 mortui
1043 2127 1101 2182 iue-

140 2215 217 2282 rint,
240 2213 277 2268 sit
299 2213 339 2267 eis
360 2210 455 2284 aliquis
477 2213 566 2267 heres.
608 2211 691 2267 veluti
712 2212 734 2266 si
757 2211 817 2283 quis
839 2209 909 2266 dicat
929 2211 982 2266 hoe
1003 2210 1100 2266 modo:

42 2334 46 2339 -
141 2311 248 2354 numus
270 2309 476 2353 emissurus
498 2310 598 2352 nunus
619 2309 690 2351 nint
716 2308 807 2350 muro:
837 2307 867 2350 st
894 2309 997 2352 rmsus
1018 2307 1101 2352 unus

140 2393 246 2436 ramnus
263 2395 333 2435 urm
347 2396 406 2436 sou
421 2396 511 2451 nsrr,
534 2393 604 2436 suun
623 2393 724 2435 nunus
743 2394 817 2435 ntur
831 2394 872 2434 nr
884 2393 977 2436 nurus
990 2393 1102 2436 nonre-

142 2479 226 2533 uun,
245 2478 331 2526 nunu
345 2477 378 2519 1st
393 2477 476 2520 suun
490 2478 636 2520 rurnnsu
650 2477 785 2520 vsrnmr
800 2453 840 2540 (id
857 2470 898 2518 est
914 2461 1000 2536 pubes
1016 2462 1101 2519 iactus

142 2537 214 2626 sit),
237 2561 319 2604 nuno
334 2560 423 2604 surus
437 2561 537 2603 nuens
552 2561 642 2603 nsro.
679 2561 735 2619 quo
750 2562 812 2602 nasu
826 2547 850 2602 si
863 2547 972 2618 quidem
987 2563 1041 2602 non
1056 2563 1101 2602 er-

142 2631 232 2686 titerit
247 2630 326 2684 heres
342 2628 423 2699 filius,
441 2639 504 2686 tuno
519 2629 681 2685 substitutus
696 2631 765 2702 patri
781 2627 922 2686 dilueres:
938 2631 1039 2685 sivero
1056 2646 1100 2684 er-

143 2715 231 2770 titerit
247 2714 326 2769 heres
340 2711 413 2769 filius
432 2721 461 2770 et
481 2721 543 2770 ante
562 2712 732 2786 pubertatem
748 2712 913 2782 decesserit,
933 2714 985 2786 ipsi
999 2711 1055 2768 filio
1070 2710 1102 2767 fit

214 2938 234 3006 ¹)
253 2944 287 3006 os.
305 2943 336 2992 L.
359 2944 400 2996 40.
421 2944 464 2991 41.
486 2942 517 2991 D.
542 2945 597 2993 eod.
683 2939 704 3007 ²)
722 2943 760 2992 sio
776 2941 802 2990 B
820 2941 877 3004 Dip.
894 2940 964 2990 titus
982 2955 1034 2989 oum
1055 2939 1103 2991 TO

141 3011 259 3075 plerique
278 3011 351 3060 codd.
369 3009 444 3071 infer.
463 3009 525 3072 pius
542 3025 604 3059 unus
621 3010 697 3072 inser.
721 3010 778 3058 eod.
801 3010 940 3070 complures
961 3006 1100 3070 Tbeopltili.

144 3069 297 3136 deseviens
315 3077 396 3127 celeri
415 3075 554 3139 dbeopbili.
582 3091 642 3141 erpo
655 3083 715 3126 nota
733 3091 768 3128 rr.
783 3072 826 3140 (=
841 3073 966 3134 Tiberius)
978 3078 1041 3124 mole
1054 3090 1102 3125 en·

139 3147 240 3209 plionia
257 3151 283 3194 et
298 3145 446 3208 perscripta
469 3157 549 3194 rmus
574 3145 648 3208 idque
672 3144 736 3192 mole
754 3145 841 3192 lectum
859 3149 884 3190 el
901 3143 1021 3205 seriptum
1038 3142 1100 3205 pius

142 3214 170 3260 in
187 3227 217 3262 eo
236 3211 314 3275 libro,
335 3226 383 3276 quo
400 3210 517 3259 utebatur
537 3211 695 3274 Theophilus,
713 3215 846 3274 antequam
863 3209 911 3258 boe
928 3211 1101 3259 institutiones

138 3281 328 3343 perficerentur
351 3285 376 3328 et
398 3278 424 3326 ln
440 3277 562 3340 publicum
580 3280 731 3337 ederentur,
751 3278 778 3326 in
795 3291 872 3326 sorno
887 3276 950 3338 fuit,
972 3283 1000 3325 ut
1020 3275 1102 3326 Tbeo-

140 3346 238 3410 phileto,
264 3360 293 3396 re
316 3360 367 3394 non
389 3350 508 3394 ooournte
525 3345 660 3408 indopatn,
684 3344 720 3391 ad
736 3343 888 3394 Antoninum
905 3343 977 3392 Pium
994 3343 1041 3393 boo
1057 3359 1101 3394 re·

140 3413 235 3475 ferret.
323 3409 343 3475 ³)
359 3427 403 3476 pr.
423 3449 430 3462 .
448 3449 456 3464 .
476 3445 482 3460 .
501 3411 581 3462 heres
600 3405 763 3462 substitutus
781 3411 838 3470 sere
907 3410 963 3462 (iai.
987 3411 1017 3473 2,
1041 3412 1099 3465 lli.

142 3481 193 3530 180
210 3480 274 3529 med.
