2492 3896
151 203 214 266 110
311 221 347 254 on
364 217 622 253 snnaauscousunro
641 217 831 253 eunrnnursno
848 203 898 265 ΙΙΙ,
917 206 941 254 3.

150 359 222 415 filius
234 360 276 414 vel
288 357 342 413 lilia
354 360 501 432 opponitur
513 375 544 412 ex
561 357 799 414 constitutionibus
813 359 890 413 matri
902 357 1061 428 deiunctae,
1076 358 1104 412 id

150 451 193 499 est
213 445 285 498 aviae
304 459 379 499 suae.
409 451 486 515 pater
504 459 612 514 quoque
633 443 787 512 utriusque,
808 458 862 496 non
883 443 960 496 etiam
983 457 1046 496 avus
1061 441 1105 496 vel

150 543 265 600 proavus
279 528 356 581 matri
368 527 551 599 anteponitur,
567 526 669 581 scilicet
680 541 739 581 cum
752 527 881 581 intereos
894 524 968 580 solos
981 524 1014 581 de
1027 525 1104 580 here-

151 610 232 666 ditate
248 612 346 684 agitur.
378 611 458 665 irater
473 617 562 664 autem
576 610 791 682 consanguineus
807 617 859 662 tam
878 607 924 663 lilii
940 625 1018 680 quam
1035 607 1104 664 filiae

150 693 308 750 excludebat
333 701 457 749 matrem:
482 710 561 748 soror
587 701 675 748 autem
697 693 895 766 consanguinea
920 694 1021 764 pariter
1043 709 1104 748 cum

151 786 234 832 matre
250 777 451 833 admittebatur:
475 776 522 832 sed
537 779 560 831 si
576 776 663 832 iuerat
677 776 761 832 irater
776 784 802 832 et
817 793 896 831 soror
910 777 1105 848 consanguinei

150 869 177 916 et
192 869 276 916 mater
296 860 385 917 liberis
408 863 551 931 incausata,
575 859 656 915 irater
677 860 782 933 quidem
803 867 914 914 matrem
935 859 1102 928 excludebat,

151 946 299 1000 communis
321 954 410 1001 autem
433 953 490 1000 erat
512 943 644 999 hereditas
667 960 699 998 ex
719 945 811 1015 aequis
834 944 953 1016 partibus
976 943 1054 999 iratri
1076 952 1105 998 et

116 1031 133 1078 4
151 1030 248 1085 sorori.
279 1027 330 1083 Sed
346 1046 396 1083 nos
411 1020 629 1096 constitutione,¹
644 1043 723 1099 quam
738 1029 765 1081 in
780 1027 872 1082 codice
886 1035 980 1082 nostro
995 1029 1106 1082 nomine

151 1112 277 1167 decorato
299 1113 454 1184 posuimus,
477 1112 553 1166 matri
574 1110 783 1166 subveniendum
805 1127 863 1166 esse
885 1113 1103 1180 existimavimus,

151 1196 324 1268 respicientes
345 1194 377 1250 ad
396 1203 517 1250 naturam
538 1202 565 1249 et
585 1195 755 1268 puerperium
776 1203 803 1249 et
818 1194 966 1267 periculum
982 1202 1009 1248 et
1023 1211 1106 1267 saepe

151 1288 265 1334 mortem
287 1293 319 1334 ex
339 1279 391 1333 hoc
411 1295 473 1334 casu
496 1277 623 1332 matribus
639 1277 746 1332 illatam.
789 1278 904 1350 ideoque
918 1279 1028 1351 impium
1044 1295 1106 1334 esse

151 1362 329 1435 credidimus,
353 1379 441 1418 casum
463 1362 602 1417 fortuitum
623 1363 649 1416 in
670 1363 727 1415 cius
743 1361 845 1416 admitti
860 1362 1064 1418 detrimentum:
1082 1363 1104 1416 si

151 1447 221 1502 enim
236 1447 352 1518 ingenua
369 1455 409 1502 ter
425 1445 465 1500 vel
480 1445 601 1501 libertina
618 1453 713 1517 quater
729 1461 783 1500 non
797 1439 1105 1518 pepererit,²immerito

150 1529 356 1586 defraudabatur
375 1531 545 1584 successione
565 1545 675 1584 suorum
690 1527 850 1597 liberornm;
871 1527 934 1600 quid
949 1530 1019 1583 enim
1042 1545 1105 1602 pec·

150 1615 227 1684 cavit,
244 1615 265 1668 si
278 1630 332 1668 non
344 1614 446 1687 plures,
463 1613 508 1668 sed
520 1629 622 1685 paucos
633 1613 786 1685 pepererit?
802 1622 829 1668 et
843 1612 963 1667 dedimus
979 1614 1019 1667 ius
1035 1612 1104 1686 legi·

150 1698 243 1751 timum
259 1696 367 1769 plenum
383 1695 509 1750 matribus
525 1698 580 1752 sive
596 1697 721 1768 ingenuis
742 1697 796 1750 sive
812 1696 961 1764 libertinis,
982 1698 1032 1752 etsi
1048 1713 1105 1751 non

151 1787 193 1835 ter
214 1780 305 1834 enixae
326 1780 426 1834 luerint
446 1778 486 1834 vel
506 1786 618 1850 quater,
641 1779 688 1833 sed
709 1795 768 1833 eum
788 1787 889 1834 tantum
906 1779 946 1834 vel
962 1795 1034 1848 eam,
1058 1782 1105 1853 qui

151 1879 251 1936 quaeve
267 1870 353 1917 morte
367 1863 508 1934 intercepti
524 1871 602 1933 sunt,
625 1871 655 1916 ut
670 1870 697 1916 et
711 1864 750 1917 sic
769 1871 899 1918 vocentur
913 1864 940 1917 in
956 1861 1105 1919 liberorum

117 1953 132 2000 5
149 1963 261 2019 suorpm
273 1946 419 2020 legitimam
435 1947 641 2001 successionem.
671 1945 723 2000 Sed
736 1962 795 2001 cum
807 1955 884 2005 autea
894 1948 1105 2002 constitutiones

149 2031 206 2086 iura
222 2030 339 2104 legitima
356 2037 554 2102 perscrutantes
570 2031 667 2102 partim
693 2037 802 2085 matrem
818 2029 988 2098 adiuvabant,
1005 2033 1105 2103 partim

151 2131 208 2170 eam
224 2113 432 2186 praegravabant
447 2122 474 2169 et
488 2130 543 2168 non
554 2112 704 2169 insolidum
717 2130 772 2168 earn
786 2112 923 2184 vocabant,
939 2113 985 2168 sed
1000 2115 1028 2169 in
1044 2117 1106 2186 qui·

150 2197 260 2252 busdam
276 2198 378 2253 casibus
396 2198 499 2252 tertiam
517 2205 619 2271 partem
641 2199 665 2252 ei
681 2196 865 2252 abstrahentes
881 2198 961 2253 certis
976 2197 1106 2269 legitimis

150 2280 244 2335 dabant
266 2283 402 2353 personis,
426 2283 452 2335 in
473 2280 530 2335 aliis
546 2290 635 2335 autern
657 2282 820 2336 contrarium
837 2280 982 2336 iaciebant:
1005 2274 1106 2336 nobis³

149 2365 234 2418 visum
250 2372 307 2434 est,
323 2372 394 2418 recta
411 2372 437 2419 et
452 2363 564 2436 simplici
579 2365 619 2420 via
634 2372 745 2419 matrem
761 2362 884 2418 omnibns
898 2364 1025 2437 legitimis
1041 2381 1106 2436 per·

149 2448 222 2501 sonis
243 2448 370 2518 anteponi
392 2455 419 2501 et
439 2448 497 2500 sine
518 2446 571 2501 nlla
586 2447 768 2502 deminutione
786 2445 899 2502 liliorum
913 2464 1025 2502 suorum
1043 2465 1105 2503 suc-

148 2530 299 2585 cessionem
311 2531 442 2601 arcipere,
457 2539 567 2602 excepta
579 2529 669 2584 fratris
681 2539 707 2586 et
719 2532 821 2585 sororis
833 2547 959 2603 persona,
973 2533 1027 2586 sive
1039 2549 1105 2587 con·

148 2612 290 2686 sanguinei
302 2613 355 2667 sint
368 2615 422 2668 sive
434 2612 492 2668 sola
511 2615 678 2686 cognationis
699 2615 756 2668 iura
771 2613 915 2690 habentes,
930 2623 961 2669 ut
977 2615 1105 2687 quemad-

148 2697 256 2753 modum
272 2712 330 2752 eam
347 2704 404 2752 toto
421 2696 472 2751 alio
490 2697 574 2751 ordini
591 2696 713 2769 legitimo
729 2700 942 2770 praeposuimus,
958 2699 994 2752 ita
1009 2714 1106 2754 omnes

148 2781 244 2836 iratres
266 2789 294 2835 et
314 2797 438 2850 sorores,
463 2781 518 2835 sive
538 2779 651 2852 legitimi
672 2781 726 2835 sint
744 2781 798 2835 sive
819 2797 888 2850 non,
913 2781 944 2836 ad
961 2781 1106 2854 capiendas

148 2864 309 2920 hereditates
326 2862 405 2918 simul
420 2879 556 2931 vocemus,
572 2864 607 2918 ita
620 2871 705 2918 tamen
718 2873 758 2935 ut,
775 2865 797 2918 si
813 2865 920 2936 quidem
935 2865 1008 2920 solae
1023 2881 1105 2921 soro·

147 2963 189 3003 res
206 2958 335 3021 cognatae
357 2947 398 3002 vel
413 2948 542 3020 adgnatae
564 2955 590 3001 et
612 2955 695 3002 mater
710 2947 829 3003 defuncti
846 2949 886 3002 vel
901 2947 1043 3004 deiunctae
1057 2965 1106 3003 su·

146 3033 261 3104 persint,
278 3030 411 3086 dimidiam
428 3030 533 3103 quidem
546 3037 640 3102 mater,
655 3030 765 3085 alteram
776 3047 839 3086 vero
852 3031 986 3086 dimidiam
998 3039 1105 3105 partem

147 3131 241 3170 omnes
256 3129 364 3169 sorores
384 3113 511 3184 habeant,
534 3115 557 3169 si
580 3130 642 3168 vero
659 3123 744 3170 matre
760 3117 904 3187 superstite
920 3123 948 3170 et
962 3115 1045 3170 fratre
1060 3115 1104 3170 vel

146 3198 275 3253 iratribus
290 3198 357 3252 solis
379 3197 420 3252 vel
435 3198 514 3253 etiam
536 3214 596 3253 cum
615 3197 754 3252 sororibus
769 3199 825 3253 sive
839 3198 959 3272 legitima
974 3201 1030 3254 sive
1045 3199 1105 3253 sola

216 3391 235 3454 ¹)
254 3394 286 3442 L.
299 3395 323 3442 2.
339 3393 365 3446 0.
380 3395 411 3442 de
424 3395 478 3443 iare
491 3393 531 3442 lib.
547 3393 586 3456 (8,
600 3393 633 3444 58
646 3397 678 3443 ol.
692 3392 745 3453 59).
846 3390 868 3457 ²)
884 3391 942 3442 BT
957 3393 1060 3457 peperit
1077 3394 1105 3442 E

135 3461 206 3517 cdd.
224 3459 297 3508 Sede.
315 3467 347 3510 et.
366 3461 416 3509 Kr.
485 3459 505 3524 ³)
524 3460 555 3510 L.
574 3463 597 3514 7,
618 3461 645 3511 0.
663 3463 694 3511 de
712 3459 760 3510 SC.
784 3459 887 3510 Terlnil.
905 3458 941 3526 (6,
960 3461 1012 3523 56).
