2492 3896
150 177 192 241 48
398 192 433 227 nn
451 191 506 228 usn
524 191 558 226 nn
575 187 760 226 municione
779 173 815 237 ΙΙ,
833 175 857 228 ὅ.

152 334 221 391 civili
235 334 371 406 recipiunt
385 331 592 388 usumfructum.
622 347 677 404 quo
689 345 803 386 numero
813 337 878 385 sunt
893 329 993 399 dnum,
1009 326 1134 402 oleum,

151 417 328 488 frumentum,
340 417 509 472 vestimenta.
536 414 634 490 quihus
647 415 769 488 proxime
780 422 823 470 est
832 415 944 487 pecunia
956 421 1132 468 numerata:

151 501 304 573 namqnein
316 501 376 573 ipso
386 493 395 532 ¹
405 515 457 555 usu
474 498 583 556 adsidua
601 501 799 572 permutatione
814 496 1014 570 quodammodo
1026 499 1133 553 extim-

122 597 124 604 ·
152 585 254 658 guitur.
283 583 331 639 sed
346 583 471 639 utilitatis
486 599 565 640 causa
576 591 686 639 senatus
697 583 813 653 censuit,
828 597 909 656 posse
925 582 1004 636 etiam
1019 597 1131 638 earum

151 683 243 724 rerum
258 667 455 723 usumfructum
470 667 610 738 constitui,
632 675 661 723 ut
676 674 764 722 tamen
779 681 812 722 eo
828 665 936 721 nomine
950 664 1045 721 heredi
1064 667 1129 722 nti·

152 751 216 808 liter
229 758 364 807 caveatur.
393 752 485 824 itaque
500 751 523 806 si
539 751 669 825 pecuniae
684 749 856 806 ususfructus
878 749 986 821 legatus
1001 751 1055 821 sit,
1082 751 1128 806 ita

151 834 233 890 datur
247 835 395 910 legatario,
417 843 448 891 ut
468 837 526 891 eius
542 832 602 906 fiat,
622 843 650 890 et
670 834 815 909 legatarius
835 833 950 890 satisdat
965 831 1060 888 heredi
1085 834 1127 891 de

153 927 227 974 tanta
248 921 361 993 pecunia
382 918 567 988 restituenda,
589 920 612 974 si
634 921 765 974 morietur
787 924 834 974 aut
855 919 943 992 capite
964 918 1124 976 minuetur.

153 1011 259 1060 ceterae
275 1020 384 1077 quoque
404 1019 448 1058 res
469 1004 506 1057 ita
521 1001 666 1058 traduntur
679 1001 822 1077 legatario,
845 1009 876 1058 nt
890 1002 948 1057 eius
964 997 1042 1056 dant:
1068 1002 1124 1058 sed

153 1088 300 1145 aestimatis
322 1088 364 1143 his
386 1084 542 1157 satisdatur,
563 1095 604 1157 ut,
619 1088 642 1141 si
657 1088 788 1142 morietur
802 1095 849 1142 aut
863 1083 950 1158 capite
965 1086 1118 1157 minuetur,

153 1176 228 1226 tauta
242 1172 355 1245 pecunia
374 1171 548 1240 restituatur,
564 1170 657 1242 quanti
671 1186 718 1226 eae
733 1169 835 1226 fuerint
848 1169 1012 1226 aestimatae.
1043 1185 1119 1244 crgo

154 1261 262 1309 senatus
291 1269 347 1309 non
374 1252 440 1309 fecit
460 1253 568 1325 quidem
595 1270 686 1310 earum
708 1270 799 1309 rerum
827 1253 1025 1309 usumfructum
1047 1246 1121 1331 (nec

154 1339 225 1393 enim
259 1330 401 1414 poterat),
442 1338 489 1392 scd
523 1354 574 1412 per
609 1339 759 1394 cautionem
801 1338 877 1409 quasi
915 1336 1119 1395 usumfructum

120 1427 136 1475 3
154 1423 303 1479 constituit.
332 1421 438 1478 linitur
451 1428 539 1477 autem
556 1422 727 1478 ususfructus
747 1430 835 1478 morte
849 1420 991 1478 fructuarii
1005 1428 1033 1475 et
1047 1419 1120 1479 dna·

153 1503 203 1562 bus
219 1507 313 1581 capitis
329 1505 572 1579 deminutionibus,
593 1507 705 1561 maxima
725 1515 752 1561 et
772 1505 875 1576 media,
896 1513 924 1560 et
939 1519 994 1561 non
1009 1507 1119 1563 utendo

154 1607 204 1663 per
217 1591 325 1645 modum
337 1598 364 1645 et
375 1599 492 1662 tempus.
521 1605 591 1661 quae
606 1591 694 1644 omnia
710 1598 802 1645 nostra
817 1589 912 1644 statuit
926 1585 1119 1647 constitutio.²

152 1674 217 1729 item
232 1673 325 1729 finitur
338 1673 521 1744 ususfructus,
542 1675 565 1729 si
580 1672 689 1729 domino
704 1675 876 1746 proprietatis
893 1673 925 1728 ab
941 1671 1119 1731 usufructua-

154 1757 195 1812 rio
211 1757 321 1812 cedatur
343 1749 418 1831 (nam
439 1764 566 1812 extraneo
587 1755 706 1813 cedendo
722 1756 787 1813 nihil
802 1751 923 1833 agitur):
943 1754 985 1812 vel
1001 1773 1033 1812 ex
1048 1774 1118 1815 con·

153 1840 237 1896 trunio
260 1841 283 1895 si
305 1839 467 1896 fructuarius
494 1842 686 1913 proprietatem
714 1843 754 1896 rei
775 1840 947 1913 adquisierit,
976 1854 1046 1911 quae
1068 1859 1117 1898 res

154 1922 330 1980 consolidatio
346 1923 506 1997 appellatur.
538 1940 570 1980 eo
586 1924 698 1998 amplius
713 1932 836 1994 constat,
852 1926 875 1979 si
890 1924 970 1980 aedes
985 1926 1116 1984 incendio
1212 1921 1213 1928 '

154 2017 330 2082 consumptae
352 2007 453 2064 fuerint
473 2007 516 2063 rel
538 2009 618 2064 etiam
642 2018 727 2064 terrae
748 2017 824 2064 motu
844 2015 890 2063 aut
905 2009 971 2064 vitio
985 2025 1036 2065 suo
1053 2025 1115 2066 cor·

154 2093 272 2165 ruerint,
293 2094 414 2166 extingui
433 2091 631 2148 usumfructum
651 2100 679 2148 ct
697 2108 731 2149 ne
751 2107 827 2148 areae
846 2092 954 2164 quidem
975 2094 1115 2150 usumfru-

120 2180 137 2227 4
153 2185 227 2232 ctum
242 2175 342 2233 deberi.
380 2175 445 2231 Cum
460 2186 548 2234 autem
564 2175 656 2232 finitus
672 2175 753 2232 fuerit
768 2175 950 2248 ususfructus,
965 2179 1116 2234 revertitur
1211 2241 1212 2248 ,

154 2259 257 2316 scilicet
279 2260 312 2314 ad
333 2263 524 2332 proprietatem
546 2269 574 2316 et
595 2277 626 2316 ex
650 2277 682 2316 eo
699 2268 819 2332 tempore
835 2259 922 2318 nudae
937 2263 1113 2335 proprietatis
1211 2251 1212 2258 ἵ

154 2341 279 2398 dominus
292 2344 388 2416 incipit
401 2343 508 2416 plenam
522 2343 620 2400 hahere
634 2345 663 2399 in
678 2360 707 2400 re
722 2352 896 2418 potestatem.

582 2555 639 2596 unt
653 2555 680 2596 V.

390 2640 439 2690 DE
458 2639 530 2691 USU
546 2641 595 2690 ET
613 2641 872 2692 HABITATIONE.

91 2762 141 2803 4³1·
218 2761 312 2818 lisdem
328 2763 387 2817 istis
401 2762 502 2833 modis,
525 2762 622 2834 quibus
638 2760 811 2818 ususfructus
826 2764 1015 2834 constituitur,
1033 2764 1109 2820 etiam

154 2846 243 2902 nudus
257 2863 323 2902 usus
338 2848 467 2902 constitui
481 2846 564 2915 solet,
584 2846 731 2918 iisdemque
749 2846 801 2902 illis
822 2847 908 2902 modis
923 2847 1031 2917 finitur,
1052 2850 1108 2920 qui·
1210 2839 1211 2854 ³

122 2933 135 2979 1
154 2928 205 2986 hus
221 2937 249 2986 et
269 2929 439 2986 ususfructus
460 2930 566 2991 desinit.
604 2929 691 2985 llinus
712 2939 800 2986 autem
815 2931 917 2986 scilicet
932 2932 997 2986 iuris
1019 2933 1046 2986 in
1061 2948 1109 2987 usu

155 3023 198 3070 est
217 3031 297 3087 quam
317 3015 344 3068 in
365 3013 518 3070 usufructu.
555 3029 669 3085 namque
689 3015 726 3084 is,
748 3015 794 3086 qul
815 3013 891 3070 fundi
911 3014 1014 3070 nudum
1034 3031 1108 3072 usum

156 3097 245 3169 habet,
267 3098 333 3152 nihil
356 3097 471 3153 ulterius
493 3096 591 3153 habere
613 3096 803 3171 intellegetur,
826 3114 906 3170 quam
928 3107 959 3153 ut
982 3097 1107 3170 oleribus,

154 3184 258 3256 pomis,
274 3179 401 3246 floribus,
419 3180 496 3250 feno,
514 3183 679 3253 stramentis,
695 3181 778 3256 lignis
794 3181 827 3237 ad
843 3197 921 3236 usum
936 3183 1107 3240 cottidianum

155 3396 159 3400 ·
224 3376 244 3438 ¹)
261 3381 299 3428 sic
316 3387 341 3428 et
354 3379 462 3441 Thespi.
482 3395 518 3429 eas
534 3381 639 3440 vitiosa,
658 3386 686 3428 ut
702 3381 809 3440 uidetur,
827 3379 966 3441 scripture,
984 3395 1037 3430 cunt
1053 3395 1105 3430 serr·

154 3461 198 3497 sus
214 3445 313 3510 flagitet
329 3451 357 3496 et
374 3446 442 3512 ipse.
511 3445 532 3509 ²)
550 3447 582 3500 L,
603 3447 641 3498 16.
661 3445 688 3498 0.
707 3447 738 3495 de
756 3445 838 3508 ucula.
858 3445 894 3509 (3,
908 3443 961 3510 33).
