2500 3890
156 225 217 288 164
449 241 484 275 ua
501 239 571 275 nuere
589 238 706 282 scurrae
722 225 769 289 IV,
788 227 812 274 3.

154 382 242 438 solum
263 390 323 437 usta
344 391 390 438 aut
409 379 509 450 fracta,
531 379 578 435 sed
594 381 672 434 etiarn
693 381 776 435 scissa
791 389 818 436 et
832 379 924 435 collisa
939 387 967 435 ct
981 377 1064 434 effusa
1079 387 1113 434 et

156 483 267 540 quoquo
282 466 362 521 modo
379 473 517 538 perempta
533 472 613 537 atque
628 464 760 519 deteriora
776 463 844 519 iacta
859 463 911 519 hoc
925 461 1005 518 verbo
1020 465 1112 518 couti·

154 558 266 605 nentur:
288 549 403 621 denique
418 563 577 620 responsum
594 555 650 616 est,
671 549 694 602 si
710 549 769 619 quis
784 547 811 602 in
827 547 942 602 alienum
956 548 1044 601 viuum
1060 557 1113 602 aut

156 634 244 689 oleum
255 632 281 688 id
292 633 446 703 immiserit,
462 630 534 704 quod
545 631 673 686 naturalis
684 631 789 686 bouitas
800 632 852 686 vini
865 631 905 686 vel
920 630 974 686 olei
987 647 1113 686 corrum-

105 713 137 761 14
154 724 277 790 peretur,
293 732 325 771 er
340 717 388 771 hac
403 723 480 789 parte
494 715 562 787 legis
578 731 639 771 eum
655 717 751 770 teneri.
781 715 849 770 iilud
864 715 950 787 palam
966 722 1020 783 est,
1038 715 1113 769 sicut

153 817 186 855 er
200 801 286 873 primo
302 803 388 873 capite
402 802 439 854 ita
455 798 561 854 demum
577 799 691 871 quisque
707 805 830 867 tenetur,
851 799 873 852 si
890 797 953 853 dolo
969 807 1014 852 aut
1029 798 1112 870 culpa

154 884 298 940 eiushomc
306 883 621 956 autquadrupesoccisus
634 883 753 938 occisave
764 881 855 950 luerit,
864 883 899 936 ita
913 897 945 936 cx
956 882 1010 938 hoc
1020 883 1112 954 capite

154 984 187 1022 ex
198 967 261 1023 dolo
273 976 319 1022 aut
332 969 410 1041 culpa
422 966 455 1022 de
466 975 557 1022 cetero
569 965 666 1020 damno
680 981 813 1038 quemque
824 966 920 1020 teneri.
939 958 1008 1021 ¹hoc
1018 974 1112 1021 tamen

156 1052 243 1125 capite
253 1068 308 1107 non
326 1051 417 1124 quanti
429 1052 457 1106 iu
470 1066 503 1105 eo
516 1065 596 1118 auno,
608 1048 655 1105 sed
668 1051 759 1120 quanti
770 1050 797 1103 in
811 1048 905 1104 diebus
918 1050 1027 1122 triginta
1043 1065 1109 1122 pro·

107 1132 137 1180 ¹5
155 1135 231 1190 rimis
252 1150 296 1190 res
318 1135 417 1204 inerit,
440 1133 574 1206 obligatur
592 1135 631 1203 is,
654 1133 700 1205 qui
719 1132 843 1187 damnum
863 1131 977 1189 dederit.
1021 1133 1059 1187 Ac
1072 1148 1110 1187 ne

156 1216 296 1291 ‘plurimi'
318 1218 423 1291 quidem
444 1215 553 1272 verbum
573 1216 702 1282 adicitur3
724 1215 772 1272 sed
787 1215 884 1273 Sabino
906 1225 980 1272 recte
995 1215 1109 1288 placuit,

155 1303 264 1373 perinde
280 1300 427 1356 habendam
441 1301 666 1370 aestimationem,
686 1301 753 1355 acsi
769 1301 849 1354 ctiam
864 1301 914 1355 hac
935 1309 1011 1374 parte
1028 1297 1109 1374 ‘piu-

155 1384 232 1440 rimi'
253 1383 362 1440 verbum
378 1384 509 1440 adiectum
529 1382 639 1438 inisset:
661 1399 720 1438 narn
741 1383 845 1456 plebem
860 1382 1017 1454 Romanam,
1039 1399 1110 1456 quae

156 1468 263 1542 Aquilio
278 1468 388 1525 tribuco
403 1475 517 1541 rogante
532 1467 600 1522 hanc
620 1467 709 1540 legem
731 1466 811 1538 tulit,
832 1475 986 1522 contentam
1008 1466 1107 1537 luisse,

157 1553 230 1626 quod
245 1555 328 1625 prima
343 1561 420 1624 parte
435 1568 467 1607 eo
483 1551 564 1606 verbo
580 1567 628 1605 usa
642 1559 695 1606 est.

107 1630 139 1681 16
219 1636 341 1693 Ceterum
357 1636 471 1708 placuit,
486 1636 522 1689 ita
536 1636 641 1690 demum
657 1650 690 1690 er
705 1635 754 1690 hac
768 1633 829 1707 lege
845 1636 978 1690 actionem
993 1650 1071 1703 csse,
1087 1635 1109 1689 si

157 1723 216 1791 quis
228 1711 406 1798 [praecipue]²
417 1733 531 1790 corpore
541 1734 591 1772 suc
604 1716 727 1772 damnum
742 1716 853 1773 dederit.
869 1716 984 1789 ideoque
995 1719 1022 1772 in
1036 1733 1109 1788 eum,

157 1805 204 1875 qui
222 1804 273 1858 alio
295 1802 375 1857 modo
396 1800 520 1856 damnum
542 1800 662 1870 dederit,
685 1800 765 1855 utiles
786 1803 905 1856 actiones
926 1801 983 1856 dari
1003 1801 1109 1856 solent:

156 1885 239 1942 veluti
247 1887 273 1940 si
285 1887 346 1958 quis
360 1885 493 1940 homiuem
505 1882 619 1939 alienum
633 1891 679 1938 aut
690 1899 771 1955 pecus
781 1885 817 1939 ita
830 1884 980 1952 incluserit,
998 1892 1029 1939 ut
1041 1885 1111 1940 lame

156 1977 314 2038 necaretur,
329 1977 375 2024 aut
390 1969 537 2024 iumentum
553 1975 604 2020 tam
620 1967 789 2023 vehementer
805 1969 909 2040 egerit,
926 1977 954 2022 ut
970 1985 1111 2042 rumpere·

157 2062 217 2126 tur,
233 2060 279 2108 aut
293 2069 374 2126 pecus
389 2054 534 2108 intantum
549 2051 739 2123 exagitaverit,
762 2059 791 2105 ut
805 2053 1040 2124 praecipitaretur,
1064 2061 1111 2108 aut

157 2138 254 2210 siquis
271 2137 357 2192 alieno
373 2152 449 2191 servo
465 2135 648 2209 persuaserit,
669 2135 741 2189 utin
757 2133 879 2189 arborem
895 2134 1052 2191 ascenderet
1067 2135 1110 2190 vel

156 2223 184 2275 in
199 2228 309 2294 puteum
324 2219 514 2291 descenderet,
537 2226 565 2273 et
580 2219 603 2272 is
618 2217 786 2273 ascendendo
803 2217 843 2272 vel
859 2217 1048 2275 descendendo
1064 2227 1112 2274 aut

158 2313 281 2360 mortuus
297 2303 378 2359 inerit
398 2311 445 2358 aut
465 2303 553 2375 aliqua
573 2310 649 2375 parte
665 2303 786 2374 corporis
801 2301 889 2356 laesus
905 2303 972 2373 erit,
994 2301 1067 2357 utilis
1083 2303 1112 2356 in

158 2403 218 2441 euru
234 2389 302 2442 actio
312 2387 398 2443 datur.
429 2385 476 2441 sed
489 2385 583 2457 siquis
596 2384 711 2440 alieuurn
727 2400 831 2440 servum
848 2385 880 2440 de
896 2394 979 2458 ponte
994 2394 1041 2440 aut
1052 2387 1111 2459 ripa

157 2470 184 2525 in
200 2469 299 2524 ilumen
315 2470 440 2524 deiecerit
455 2477 481 2524 et
496 2471 518 2524 is
533 2468 678 2524 suiiocatus
693 2467 791 2537 iuerit,
807 2485 855 2540 eo,
877 2469 950 2540 quod
964 2471 1113 2543 proiecerit

159 2569 273 2625 corpore
289 2569 355 2620 suo,
378 2553 500 2607 damnum
521 2551 626 2607 dedisse
641 2569 695 2607 non
711 2549 856 2608 diiiiciliter
871 2552 991 2626 intellegi
1007 2554 1112 2625 poterit

158 2637 272 2709 ideoque
293 2637 352 2709 ipsa
373 2635 434 2709 lege
456 2634 560 2708 Aquilia
583 2643 699 2692 tenetur.
736 2635 783 2690 sed
804 2637 827 2690 si
849 2653 904 2691 uon
926 2652 1041 2708 corpore
1063 2635 1110 2690 da-

158 2736 249 2776 muuru
264 2719 346 2775 luerit
361 2719 450 2775 datum
466 2734 554 2792 neque
569 2735 667 2793 corpus
682 2719 782 2774 laesum
793 2719 886 2791 inerit,
902 2719 1014 2775 sedulio
1028 2718 1111 2775 modo

159 2805 281 2860 damnum
298 2804 374 2859 alicui
390 2805 517 2877 contigit,
532 2818 593 2858 cum
614 2819 668 2858 non
684 2803 782 2858 suificit
804 2819 892 2876 neque
906 2802 1006 2859 directa
1022 2819 1112 2876 neque

159 2888 233 2944 utilis
256 2888 376 2960 Aquilia,
398 2887 497 2960 placuit
519 2902 595 2957 eum,
618 2885 664 2959 qui
686 2885 818 2941 obnoxius
840 2887 937 2956 luerit,
959 2889 986 2942 in
1008 2886 1112 2942 iactum

159 2974 264 3027 actione
280 2973 379 3028 teneri:
395 2969 477 3026 veluti
487 2971 510 3025 si
521 2971 590 3042 quis,
606 2967 786 3024 misericordia
801 2969 909 3041 ductus,
924 2970 1039 3026 alienum
1054 2986 1109 3026 ser·

158 3073 219 3110 vum
235 3055 413 3129 compeditum
429 3054 555 3124 solverit,
570 3062 601 3108 ut
616 3052 731 3126 ingeret.

158 3287 232 3338 codd.
250 3291 298 3335 oet.
317 3285 357 3334 ed.
376 3283 426 3333 Kr.
448 3282 518 3346 quod
542 3297 647 3347 quoquo
669 3297 703 3330 m.
722 3297 745 3330 c.
765 3286 807 3330 esi
826 3283 865 3331 ed.
884 3281 957 3332 Solu.
975 3283 1108 3333 secludet

159 3355 233 3401 etiam
252 3352 306 3401 Gai.
377 3348 396 3411 ¹)
416 3351 439 3410 ἓ.
459 3351 490 3398 14
507 3350 563 3398 dinc
581 3349 619 3410 ἐξ.
639 3350 677 3398 15.
697 3351 728 3399 16
744 3349 802 3410 scre
820 3369 853 3389 =
873 3349 928 3400 dai.
940 3351 963 3408 a,
977 3353 1036 3400 218.
1050 3351 1106 3400 219.

160 3416 181 3478 ²)
200 3417 341 3480 praecipue
367 3418 464 3466 videtur
488 3419 573 3479 piosso
599 3417 720 3473 notantis,
745 3417 819 3464 etium
841 3418 1004 3467 instrumento
1027 3425 1107 3466 tamen

160 3483 270 3534 adhibito
287 3498 362 3546 posse
379 3498 488 3547 corpore
506 3485 618 3532 domnum
635 3484 701 3532 dori.
719 3483 753 3545 cs.
776 3482 885 3544 Theopiu
