2472 3896
199 240 246 282 um
264 240 360 282 ananus
377 239 411 274 nx
428 239 519 276 causas
537 239 728 276 uanumrrnnn
747 239 801 275 nou
817 239 930 275 roaenun
941 223 963 285 1,
976 225 999 273 6.
1060 219 1080 284 9

123 379 223 436 fiebant
245 397 277 436 ex
299 379 360 454 lege
375 380 450 436 Aelia
465 379 555 437 Seutla
570 379 756 436 dediticiorum
778 396 901 436 numero.
938 378 986 434 sed
1007 377 1080 433 dedi·

124 465 248 521 ticiorum
264 463 372 538 quidem
394 465 511 538 pessima
531 463 653 520 condicio
676 465 727 520 iam
748 480 780 520 er
802 463 892 520 multis
912 460 1080 535 temporibus

123 551 150 604 in
166 548 371 604 desuetudinem
387 547 459 619 abiit,
480 547 634 604 latinorum
650 564 714 603 vero
736 547 835 604 nomen
855 564 910 603 non
925 546 1080 618 frequenta·

123 631 217 687 batur:
239 631 354 704 ideoque
375 640 470 688 nostra
490 633 588 705 pietas,
611 633 699 688 omnia
721 647 821 705 augere
840 640 869 686 et
888 632 917 686 in
942 629 1081 685 meliorem

123 725 223 772 statum
244 714 374 773 reducere
396 715 563 787 desiderans,
585 717 612 770 in
627 715 730 771 duabus
746 705 1005 771 constitutionibus¹
1028 713 1081 769 boc

125 799 275 856 emendavit
299 809 326 855 et
348 803 375 856 in
397 801 541 872 pristinum
562 807 662 855 statum
684 799 805 870 reduxit,
829 799 889 871 quia
911 805 967 853 eta
987 797 1080 870 primis

124 883 199 940 urbis
213 882 312 939 llonrae
327 882 467 939 cunabulis
482 899 534 938 una
548 892 629 955 atque
644 882 757 956 simplex
771 881 880 938 libertas
903 878 1081 954 competebat,

124 966 152 1023 id
174 975 216 1023 est
238 967 340 1038 eadem,
364 983 441 1040 quam
463 965 577 1023 babebat
599 968 789 1036 manumissor,
811 967 861 1020 nisi
884 964 957 1038 quod
979 964 1082 1020 scilicet

123 1050 265 1107 libertinus
281 1043 346 1123 sit,²
368 1052 413 1124 qui
435 1052 640 1122 manumittitur,
663 1051 727 1107 licet
748 1050 926 1105 manumissor
947 1049 1082 1122 ingenuus

125 1137 170 1194 sit.
199 1143 227 1191 et
241 1135 381 1190 dediticios
397 1135 504 1207 quidem
515 1151 563 1208 per
584 1135 805 1192 constitutionem
820 1132 981 1206 expulimus,
1003 1147 1082 1204 quam

124 1218 353 1294 promulgavimus
369 1219 440 1273 inter
454 1226 561 1274 nostras
576 1219 736 1289 decisiones,
755 1234 805 1291 per
818 1233 897 1290 quas,
918 1222 1083 1289 suggerente

124 1301 204 1358 nobis
219 1301 395 1372 Triboniano,
409 1303 466 1356 viro
483 1301 601 1373 excelso,
623 1310 779 1375 quaestore,
802 1301 905 1374 antiqui
920 1301 986 1355 iuris
1000 1298 1082 1354 alter·

127 1387 247 1442 cationes
262 1384 441 1457 placavimus:
462 1383 573 1439 Latinos
588 1393 677 1440 autem
692 1385 816 1440 lunianos
833 1392 860 1439 et
875 1400 990 1454 omnem,
1013 1398 1083 1455 qnae

127 1471 196 1526 circa
217 1484 264 1524 eos
285 1467 383 1536 iuerat,
406 1466 601 1524 observantiam
619 1468 669 1523 alia
691 1468 886 1524 constitutione
900 1483 950 1540 per
964 1465 1083 1522 eiusdem

128 1553 278 1626 quaestoris
306 1552 510 1626 suggestionem
537 1553 718 1621 correximus,
746 1567 814 1624 quae
841 1552 912 1606 inter
933 1548 1084 1622 imperiales

126 1636 214 1692 radiat
234 1637 400 1704 sanctiones,
423 1643 451 1691 et
473 1651 566 1692 omnes
581 1635 703 1705 libertos,
726 1635 802 1691 nullo
817 1650 867 1690 nec
882 1635 976 1690 aetatis
992 1648 1084 1688 manu·

125 1722 199 1776 missi
221 1737 271 1776 nec
293 1719 403 1774 dominii
424 1720 625 1775 manumissoris
647 1735 696 1775 nec
717 1721 745 1774 in
767 1718 980 1774 manumissionis
1002 1716 1083 1772 modo

126 1804 277 1861 discrimine
293 1801 395 1875 habito,
417 1804 499 1859 sicuti
518 1811 596 1859 antea
618 1802 819 1875 observabatur,
842 1802 948 1858 civitate
963 1801 1082 1857 Romana

126 1888 297 1944 donavimus:
308 1887 401 1943 multis
412 1886 507 1942 additis
520 1886 618 1958 modis,
630 1903 679 1960 por
691 1903 760 1959 quos
774 1887 861 1960 possit
875 1884 986 1941 libertas
998 1886 1082 1939 servis

126 1989 186 2028 cum
202 1973 307 2029 civitate
322 1970 449 2041 Romana,
472 1987 540 2044 quae
555 1971 613 2026 sola
627 1973 655 2026 in
670 1971 805 2044 praesenti
820 1978 873 2040 est,
888 1969 1028 2042 praestari.

550 2181 606 2222 ΤῙΤ.
619 2181 659 2223 VI.

93 2315 95 2320 ,
196 2265 261 2329 QUI
278 2265 433 2328 ⁸QUIBUS
451 2267 501 2316 EX
521 2265 646 2316 causis
663 2263 930 2316 MANUMITTERE
948 2263 1023 2315 NON

520 2348 693 2400 POSSUNT.

192 2463 269 2526 ⁴Non
286 2479 372 2527 tamen
386 2472 538 2545 cuicunque
553 2471 653 2528 volenti
669 2472 856 2526 manumittere
871 2469 944 2526 licet.
975 2487 1035 2525 nam
1051 2470 1084 2539 is,
1097 2480 1132 2521 1³1.

128 2558 173 2630 qui
196 2557 223 2610 in
246 2554 365 2610 fraudem
387 2556 552 2611 creditorum
574 2556 752 2626 manumittit,
774 2552 841 2609 nibil
863 2555 935 2626 agit,
959 2555 1020 2627 quia
1042 2553 1084 2609 lex

128 2640 201 2696 Aelia
221 2639 313 2694 Sentia
334 2639 445 2711 impedit
466 2638 624 2695 libertatem.
663 2631 761 2694 ⁶licet
783 2645 872 2696 autem
894 2637 1014 2708 domino,
1038 2639 1084 2709 qui
1104 2649 1116 2696 1

127 2723 257 2780 solvendo
279 2738 333 2777 non
354 2730 405 2798 est,
425 2730 585 2778 testamento
601 2739 708 2778 servum
723 2738 801 2777 suum
816 2738 877 2777 cum
891 2719 1014 2776 libertate
1036 2720 1084 2775 he·

127 2807 218 2864 redem
232 2807 385 2870 instituere,
402 2814 431 2860 ut
446 2805 491 2861 liat
505 2806 573 2862 liber
587 2806 720 2878 heresque
736 2806 761 2861 ei
776 2805 850 2860 solus
863 2811 891 2860 et
905 2805 1085 2873 necessarius,

127 2893 150 2948 si
166 2891 245 2946 modo
261 2906 340 2946 nemo
356 2889 423 2944 alius
439 2906 470 2945 ex
486 2906 518 2946 eo
533 2898 697 2946 testamento
713 2889 792 2944 heres
808 2888 939 2959 extiterit,
961 2896 1007 2942 aut
1023 2888 1084 2959 quia

127 2991 205 3031 nemo
222 2975 300 3030 heres
315 2973 431 3046 scriptus
447 2975 493 3045 sit,
516 2982 562 3030 aut
577 2975 639 3048 quia
654 2975 687 3044 is,
703 2974 749 3046 qui
765 2973 880 3044 scriptus
896 2979 947 3036 est,
966 2969 1084 3043 qualibet

127 3075 159 3115 er
175 3075 254 3116 causa
269 3058 347 3113 heres
368 3073 424 3112 non
444 3058 570 3114 extiterit.
606 3057 687 3131 idque
703 3056 795 3112 eadem
816 3055 876 3128 lege
897 3054 970 3110 delia
992 3053 1084 3111 Sentia

127 3145 264 3217 provisum
286 3150 343 3212 est,
365 3150 393 3197 et
414 3148 500 3196 recte:
523 3141 598 3197 valde
621 3143 690 3198 euim
713 3139 930 3215 prospiciendum
953 3148 1026 3211 erat,
1053 3145 1084 3194 ut

195 3353 214 3418 1)
233 3356 264 3406 L.
281 3373 322 3406 un.
340 3355 366 3409 0.
385 3357 417 3405 dc
435 3356 514 3406 dedit.
532 3354 572 3404 lib.
591 3357 643 3405 toll.
663 3353 697 3420 (t,
711 3351 739 3420 ὗ)
757 3356 789 3404 L.
808 3371 849 3404 un.
869 3355 896 3404 0.
915 3355 946 3402 de
964 3353 1023 3406 Lot.
1042 3351 1082 3404 lid.

127 3427 178 3476 toll.
197 3425 233 3487 (t,
247 3423 283 3486 6).
363 3419 384 3486 ²)
395 3424 432 3472 eie
445 3423 469 3471 Ε
482 3428 507 3472 et
522 3422 633 3485 Tdeopb.
646 3419 676 3470 fir
688 3421 713 3470 B
725 3424 766 3475 ed.
779 3421 829 3475 Kr.
907 3418 928 3482 ⁸)
947 3423 984 3469 etc
1002 3421 1082 3469 dudeco

130 3492 162 3554 V,
174 3491 221 3555 qui
239 3493 266 3540 et
282 3490 315 3539 B.
383 3487 528 3552 ⁴)=Gai.
549 3493 572 3554 1,
590 3491 630 3540 36.
647 3491 688 3539 37.
758 3487 779 3552 ⁵)
797 3489 837 3549 Of.
857 3487 912 3540 cat.
932 3489 954 3548 1,
972 3488 1011 3540 21.
1029 3486 1081 3538 21⁸.
