2472 3896
148 168 172 217 X
539 182 698 218 rsnnrurro.

147 339 239 379 cessor
261 321 334 377 brevi
348 330 411 396 post
431 321 462 378 ad
478 320 601 378 Codicem
617 321 806 378 emendandum
827 321 960 377 adbibitus
982 320 1096 395 legatur.

146 405 198 461 Sed
221 404 307 461 adhue
328 414 430 462 tantum
452 405 483 460 de
509 405 620 462 diversis
635 408 776 479 utriusque
791 408 873 480 partis
895 405 1097 460 Institutionum

146 489 300 546 auctoribus
315 490 499 562 disputamus,
522 507 599 562 quam
620 491 647 545 in
662 507 718 546 rem
734 505 801 563 quae
816 498 918 544 restant
940 496 1097 560 argumenta

145 573 277 629 afferenda
292 582 364 629 sunt.

209 656 368 729 Saepissime
379 656 485 729 quidem
497 657 522 711 in
535 666 649 729 utraque
661 657 749 729 operis
764 663 840 729 parte
850 656 937 711 lector
947 671 1039 711 eorum
1052 654 1096 711 ad·

146 750 282 809 monetur,
294 756 361 813 quae
373 739 434 795 aiibi
444 740 493 795 iam
506 740 576 796 dicta
589 741 630 796 vei
643 739 752 796 dicenda
764 740 829 813 sint,
840 739 913 794 reiut
924 739 951 794 in
963 737 1096 813 prioribus

144 823 220 879 libris
232 823 252 893 l,
260 823 310 892 22,
323 823 351 882 6.
366 823 398 897 ΙΙ,
407 824 434 899 1,
446 841 487 896 pr.
496 823 546 894 10,
559 824 586 881 6.
602 823 651 895 13,
664 822 709 880 fin.
725 823 808 892 16,9.
822 821 907 894 17,4.
923 823 951 877 in
963 823 1096 895 posterio-

144 906 218 962 ribus
238 906 279 976 ΙΙΙ,
293 908 322 978 6,
338 908 385 963 11.
400 908 428 979 9,
445 925 486 980 pr.
504 907 554 978 27,
568 907 594 964 6.
608 906 659 981 28,
678 907 723 962 fin.
740 907 782 978 iV,
796 907 823 977 1,
838 923 880 979 pr.
895 906 944 979 13,
956 905 983 962 2.
1002 903 1051 976 15,
1067 906 1095 962 6.

147 991 195 1059 17,
210 989 241 1047 4.
269 991 314 1046 sed
337 991 401 1046 baec
422 991 510 1045 omnia
529 999 633 1046 tantum
647 997 769 1064 spectant
779 990 807 1045 in
822 990 864 1044 his
879 990 945 1063 ipsis
960 989 1096 1062 prioribus

146 1083 173 1131 et
188 1076 215 1129 in
230 1074 272 1129 his
286 1075 352 1147 ipsis
369 1074 565 1148 posterioribus
581 1073 656 1129 libris
671 1074 740 1129 dieta
755 1074 796 1128 vel
812 1073 937 1142 dicenda,
960 1073 1035 1147 quasi
1050 1074 1096 1144 qui

145 1174 276 1230 quamque
291 1165 393 1230 partem
408 1167 597 1230 componeret,
619 1174 678 1214 cum
694 1157 758 1229 quid
773 1157 841 1212 alter
854 1157 882 1212 in
897 1173 944 1212 sua
960 1156 1097 1229 provincia

144 1242 265 1298 facturus
287 1241 337 1313 sit,
360 1242 429 1296 scire
450 1257 505 1296 non
527 1250 635 1314 posset,
657 1242 736 1296 etiam
757 1240 884 1297 lectorem
905 1255 937 1295 eo
958 1240 1096 1295 remittere

144 1325 315 1381 dubitaverit.
338 1323 461 1381 Ceterum
476 1341 543 1396 quae
560 1324 603 1396 ΙΙΙ,
623 1325 650 1394 1,
663 1325 691 1380 2.
704 1324 734 1397 2,
747 1325 774 1380 1.
793 1324 836 1394 ΙΙΙ,
849 1323 877 1394 8,
891 1323 919 1379 5.
935 1324 984 1393 10,
1001 1323 1029 1379 2.
1046 1322 1095 1393 15,

144 1407 173 1465 5.
195 1408 368 1464 inveniuntur
382 1407 415 1463 ad
431 1409 534 1482 priores
553 1408 648 1478 libros,
663 1417 690 1464 et
704 1407 736 1477 ΙΙ,
752 1407 780 1478 5,
797 1406 825 1464 6.
847 1408 943 1480 partim
959 1406 991 1461 ad
1005 1415 1095 1480 poste-

143 1493 229 1548 riores
250 1493 416 1565 pertinentes
437 1493 587 1548 mentiones
607 1493 666 1546 iure
688 1491 751 1546 mibi
771 1491 863 1548 videor
877 1507 930 1546 non
946 1507 1096 1560 numerare,

144 1577 206 1650 quia
221 1576 252 1631 ad
268 1585 344 1631 vetus
359 1576 401 1630 ius
416 1576 457 1631 vel
472 1592 528 1631 rem
544 1576 570 1630 in
586 1576 669 1630 aitera
684 1584 760 1648 parte
780 1575 838 1629 sine
853 1574 925 1629 omni
940 1572 1020 1629 dubio
1044 1583 1095 1628 tra·

143 1668 241 1716 ctatam
256 1659 297 1714 vei
322 1659 481 1714 tractandam
502 1659 638 1732 pertinent
663 1668 690 1714 et
715 1658 857 1732 pleraeque
879 1658 958 1713 etiam
981 1665 1011 1712 ut
1032 1656 1094 1712 aliae

144 1743 272 1815 quaedam
293 1749 397 1797 tanturn
418 1759 449 1797 en
470 1741 533 1797 Gaio
556 1743 730 1815 transcriptae
745 1751 817 1797 sunt.
863 1741 960 1797 Contra
982 1750 1096 1814 augetur

144 1827 226 1883 huius
253 1826 404 1898 argumenti
424 1827 463 1880 vis
484 1842 531 1896 eo,
554 1826 624 1898 quod
645 1842 773 1899 persaepe
789 1826 879 1881 eadem
901 1841 944 1880 res
966 1826 993 1879 in
1015 1824 1096 1880 altera

144 1917 220 1983 parte
235 1910 394 1982 exponitur,
409 1909 482 1965 nulla
497 1911 633 1965 mentione
648 1909 754 1979 habita,
771 1909 881 1966 eandem
897 1909 923 1963 in
939 1909 1030 1981 priore
1045 1910 1095 1963 iarn

144 1996 291 2066 expositam
308 2009 375 2048 esse.
407 1992 443 2047 De
462 1992 626 2048 naturalibus
642 1992 732 2048 liberis
746 2009 795 2065 per
806 1994 895 2049 curiae
907 1991 1040 2047 dationem
1055 1991 1096 2047 vel

144 2094 193 2150 per
213 2076 379 2149 subsequens
399 2077 596 2132 matrimonium
617 2093 649 2132 er
668 2075 697 2130 L.
715 2075 764 2131 10.
783 2077 830 2136 11.
847 2074 875 2132 C.
898 2075 930 2130 de
946 2084 1032 2130 natur.
1049 2074 1095 2131 lib.

145 2156 190 2237 (5,
205 2153 260 2238 27)
276 2160 429 2234 legitimatis
445 2163 534 2234 agitur
549 2160 568 2230 Ι,
586 2161 634 2232 10,
649 2159 697 2217 13.
713 2169 741 2215 et
755 2177 849 2215 rursus
864 2159 906 2229 ΙΙΙ,
922 2158 1004 2228 1,2².
1021 2168 1096 2214 utro·

145 2244 225 2317 bique
246 2253 299 2299 tam
319 2243 397 2317 piene
413 2253 445 2310 et
467 2254 554 2299 tamen
575 2253 627 2298 tam
648 2245 764 2314 diverse,
786 2251 816 2298 ut
837 2251 951 2315 uterque
972 2241 1049 2297 locus
1064 2241 1095 2298 ab

144 2327 237 2383 eodem
256 2327 389 2398 scriptore
409 2329 460 2383 nisi
480 2329 522 2383 sui
543 2327 626 2383 oblito
647 2327 784 2400 proiectus
805 2342 865 2381 esse
887 2342 942 2381 non
963 2328 1049 2399 possit
1068 2335 1096 2381 et

145 2419 279 2484 appareat,
295 2410 406 2466 alterum
419 2411 517 2486 locum,
528 2413 683 2484 praesertim
696 2427 756 2466 cum
767 2409 895 2483 prolixior
906 2411 952 2477 sit,
966 2411 1095 2483 scriptum

144 2511 204 2551 esse
219 2496 315 2567 prioris
331 2494 449 2550 nondum
465 2495 555 2550 habito
571 2504 704 2568 respectu.
741 2493 811 2547 idem
827 2492 883 2547 iere
898 2492 1037 2548 dicendum
1054 2501 1096 2548 est

145 2579 178 2633 de
193 2576 222 2634 L.
238 2578 285 2635 10.
301 2576 330 2633 C.
346 2577 379 2632 dc
390 2578 482 2651 adopt.
498 2574 542 2655 (7,
552 2571 608 2656 47)
624 2587 651 2633 et
665 2577 686 2646 Ι,
704 2576 752 2646 11,
769 2575 795 2633 2.
811 2585 838 2632 et
853 2575 897 2646 ΙΙΙ,
915 2577 942 2646 1,
961 2575 1009 2631 14.
1032 2575 1095 2630 alie·

145 2670 206 2735 gata
222 2662 269 2731 ita,
285 2669 316 2717 ut
329 2661 411 2716 altera
427 2664 527 2717 mentio
542 2663 690 2717 accuratior
704 2661 740 2715 sit
754 2661 844 2732 priore
859 2677 946 2734 neque
960 2660 1025 2714 haec
1039 2657 1094 2712 uilo

143 2744 224 2802 verbo
239 2747 406 2819 respiciatur.
437 2744 563 2801 Similiter
578 2747 605 2799 in
620 2744 713 2799 iisdem
728 2743 964 2800 constitutionibus

295 2863 337 2931 ΙΙΙ,
354 2863 383 2932 9,
398 2879 440 2934 pr.
456 2878 510 2917 non
526 2862 670 2933 respicitur
683 2860 714 2931 ΙΙ,
731 2860 781 2929 20,
797 2860 847 2916 27.
863 2854 950 2932 28.*)

294 2944 428 3017 ru,9‚5.
471 2987 476 2999 .
523 2987 529 3000 .
576 2987 583 3001 .
630 2991 635 3002 .
693 2944 824 3014 1‚12‚o.

294 3029 478 3099 1u‚nr,r..
524 3070 530 3082 .
578 3073 583 3085 .
628 3071 635 3084 .
683 3027 826 3099 11,20‚2.

294 3111 479 3184 praepa..
526 3152 532 3168 .
576 3153 582 3168 .
629 3155 634 3166 .
680 3112 755 3183 rto,
773 3113 800 3169 1.

211 3355 234 3420 ⁸)
253 3358 306 3406 Hic
324 3359 407 3408 etiem
429 3363 483 3407 tam
504 3358 609 3409 diverse
631 3359 721 3409 eadem
740 3373 784 3408 res
802 3356 928 3414 traditur,
953 3363 983 3408 ut
1000 3372 1094 3423 porum

144 3425 229 3486 obsit,
249 3425 314 3488 quin
332 3425 403 3476 alter
420 3425 494 3476 locus
513 3426 593 3476 alieri
609 3425 784 3476 contradicat.
