2500 3890
154 205 215 270 194
452 223 488 258 nn
505 221 675 259 rursnmorrs
691 209 742 272 IV,
761 209 802 264 1⁶.

151 362 235 419 slonis
262 378 339 418 causa
367 371 517 436 comparata
546 370 609 418 sunt
630 361 771 418 interdicta
792 377 846 420 ort
867 376 1050 419 Poesrnnrrs
1071 369 1101 418 et

152 461 279 518 urebat,
294 462 355 502 cum
370 445 402 501 ab
418 455 530 519 utraque
545 454 620 518 parte
632 445 664 501 de
679 447 842 519 proprietate
857 445 968 501 alicuius
982 446 1022 500 rei
1036 461 1100 501 con·

152 531 282 586 troversia
298 529 332 584 sit
347 537 375 584 et
390 538 451 586 ante
467 530 621 602 quaeritur,
642 537 702 585 uter
717 545 749 584 er
763 528 945 601 litigatoribus
959 527 1101 602 possidere

153 620 182 669 et
203 621 262 669 uter
284 619 376 685 petere
397 611 500 670 debeat.
529 628 642 685 namque
664 614 716 667 nisi
736 620 797 667 ante
818 611 982 685 exploratum
1005 611 1101 683 luerit,

153 697 241 752 utrius
257 711 349 752 eorum
364 696 501 769 possessio
516 697 566 766 sit,
588 712 642 751 nou
657 704 749 768 potest
763 697 887 768 petitoria
902 697 971 752 aetio
986 696 1100 760 institui,

154 780 214 853 quia
230 786 257 834 et
271 779 356 836 civilis
370 787 397 834 et
411 779 539 836 naturalis
554 780 623 835 ratio
639 779 716 850 iacit,
731 786 762 834 ut
777 778 843 834 alius
857 778 1008 851 possideat,
1032 779 1101 834 alius

154 879 168 917 a
180 862 335 936 possidente
346 870 427 935 petat.
458 871 485 919 et
495 864 555 935 quia
568 862 650 935 longe
661 861 826 918 commodius
841 869 884 918 est
898 862 1035 935 possidere
1050 878 1100 935 po·

154 947 208 1002 tius
222 962 301 1018 quam
316 954 425 1019 petere,
447 946 508 1002 ideo
527 945 686 1019 plerumque
700 954 728 1002 et
742 947 799 1002 iere
814 961 920 1018 semper
934 947 1029 1018 ingens
1044 947 1101 1000 eri·

153 1031 201 1084 stit
217 1030 354 1086 contentio
369 1029 402 1084 de
416 1031 474 1103 ipsa
488 1030 670 1103 possessione.
714 1029 882 1086 commodum
902 1037 990 1085 autem
1013 1029 1101 1101 possi·

154 1112 232 1168 dendi
246 1114 273 1168 in
288 1128 321 1167 eo
336 1121 393 1182 est,
408 1112 495 1186 quod,
516 1114 618 1168 etiamsi
637 1113 695 1168 eius
709 1129 754 1168 res
769 1129 822 1168 non
837 1114 886 1182 sit,
909 1114 953 1185 qui
968 1111 1101 1185 possidet,

153 1195 270 1251 simodo
289 1202 366 1252 actor
379 1212 433 1251 non
450 1197 569 1269 potuerit
589 1212 662 1251 suam
684 1212 744 1252 esse
758 1195 887 1269 probare,
907 1203 1027 1250 remanet
1048 1211 1101 1250 suo

154 1279 215 1335 loco
226 1279 376 1352 possessio:
392 1289 504 1352 propter
516 1296 594 1352 quam
604 1295 719 1348 causam,
735 1295 796 1334 cum
807 1277 919 1334 obscura
930 1279 984 1333 sint
999 1279 1100 1334 utrius-

115 1372 141 1421 4·
154 1379 207 1434 que
221 1364 295 1431 iura,
310 1370 403 1418 contra
418 1364 559 1435 petitorem
575 1362 685 1418 iudicari
700 1362 779 1418 solet.
816 1362 868 1417 Sed
882 1361 1025 1417 interdicto
1041 1365 1102 1434 qui·

154 1447 212 1502 dem
234 1463 288 1503 ura
301 1461 486 1504 sessionem
505 1447 538 1501 de
559 1445 634 1502 fundi
655 1446 696 1502 vel
717 1445 821 1501 aedium
843 1446 1013 1519 possessione
1036 1461 1102 1501 een·

155 1530 288 1601 tenditur,
309 1545 425 1588 ursum
439 1546 502 1586 vero
521 1530 663 1586 interdicto
683 1529 716 1586 de
737 1545 826 1584 rernm
841 1527 975 1584 mobilium
992 1543 1101 1601 posses·

153 1615 238 1669 sione.
269 1629 383 1686 quorum
399 1615 438 1669 vis
457 1621 485 1669 et
504 1620 624 1686 potestas
639 1613 777 1686 plurimam
793 1613 864 1667 inter
878 1627 908 1668 se
923 1611 1099 1668 differentiam

153 1697 223 1769 apud
243 1707 347 1752 veteres
363 1695 486 1751 habebat:
508 1713 567 1750 nam
582 1712 635 1753 ura
651 1709 834 1754 noesmerls
848 1695 991 1750 interdicto
1006 1697 1029 1750 is
1043 1696 1100 1750 vin·

154 1779 244 1851 cebet,
267 1781 313 1851 qui
331 1779 465 1835 interdicti
486 1787 606 1852 tempore
625 1771 792 1852 possidebat,
815 1778 932 1834 simodo
948 1780 1103 1834 necviamc

153 1862 219 1919 clam
234 1879 285 1919 nee
301 1862 420 1934 precario
441 1871 553 1918 nanctus
573 1861 660 1917 iuerat
675 1861 706 1918 ab
722 1861 873 1918 adversario
889 1862 1101 1935 possessionem,

153 1946 255 2002 etiamsi
270 1946 350 2002 allum
369 1947 393 2000 vi
413 1938 570 2018 expuleratl
585 1954 630 2000 aut
645 1945 710 2002 clam
725 1940 896 2019 abripuerat¹
911 1945 1021 2002 alienam
1037 1961 1101 2018 pos·

153 2032 299 2086 sessionem
321 2036 368 2086 aut
389 2031 509 2102 precario
530 2037 670 2102 rogaverat
685 2029 814 2102 aliquem,
836 2037 867 2084 ut
889 2027 937 2084 sibi
960 2029 1101 2103 possidere

152 2112 262 2170 liceret:
277 2129 392 2171 ornum
412 2129 475 2168 vero
495 2112 636 2168 interdicto
652 2113 674 2167 is
689 2111 825 2183 vincebat,
846 2113 892 2183 qui
908 2110 1009 2167 maiore
1023 2121 1102 2185 parte

154 2197 210 2253 eius
222 2198 282 2252 anni
293 2213 343 2253 nec
354 2198 379 2251 vi
391 2212 440 2253 nec
452 2197 517 2255 clam
532 2211 582 2252 nec
592 2197 715 2268 precario
727 2196 759 2252 ab
771 2195 919 2251 adversario
934 2195 1101 2268 possidebat.

154 2280 234 2334 hodie
257 2289 344 2335 tamen
367 2279 445 2335 aliter
465 2279 636 2352 observatur3
659 2295 719 2334 nam
743 2280 882 2352 utriusque
902 2279 1037 2336 interdicti
1050 2295 1101 2352 po·

154 2370 251 2430 testas,
273 2370 402 2434 qnantum
422 2363 454 2418 ad
469 2364 666 2436 possessionem
680 2364 812 2436 pertinet,
832 2369 975 2434 exaequata
990 2371 1047 2432 est,
1069 2371 1103 2418 ut

154 2444 199 2500 ille
214 2447 302 2500 vincat
317 2454 343 2501 et
362 2446 390 2501 in
411 2462 441 2501 re
456 2446 506 2501 soli
522 2454 549 2502 et
563 2448 590 2501 in
605 2463 634 2500 re
649 2445 754 2515 mobili,
776 2447 821 2517 qui
835 2447 1035 2519 possessionem
1050 2461 1102 2502 nec

155 2530 244 2584 vinec
258 2529 324 2584 clam
337 2545 387 2584 nec
401 2530 521 2601 precario
536 2528 567 2584 ab
582 2529 731 2584 adversario
746 2528 802 2585 litis
815 2530 1019 2585 contestationis
1035 2540 1102 2585 tem·

122 2612 138 2661 t
154 2628 221 2685 pore
235 2611 346 2668 detinet.
375 2611 515 2667 Possidere
529 2620 616 2668 autem
631 2613 735 2668 videtur
756 2612 870 2685 quisque
884 2629 939 2668 nou
953 2613 1057 2684 solum,
1078 2614 1101 2668 si

140 2723 141 2728 κ
155 2698 211 2769 ipse
222 2695 373 2768 possideat,
388 2695 434 2750 sed
452 2703 480 2750 et
494 2697 518 2750 si
534 2697 590 2751 eius
603 2698 710 2752 nomine
721 2695 817 2768 aliquis
828 2697 855 2752 in
866 2697 1040 2768 possessione
1054 2697 1101 2767 sit,

154 2779 218 2835 licet
231 2780 254 2834 is
270 2779 327 2834 eius
342 2780 393 2835 iuri
408 2779 543 2835 subiectus
558 2795 613 2834 non
628 2780 673 2849 sit,
688 2779 772 2852 qualis
788 2787 829 2834 est
843 2779 956 2835 colonus
971 2788 999 2834 et
1014 2779 1103 2850 inqui·

154 2862 238 2918 linus:
259 2879 308 2936 per
322 2879 368 2919 eos
384 2879 507 2936 quoque,
527 2862 597 2935 apud
612 2879 680 2934 quos
698 2862 854 2935 deposuerit
868 2864 927 2936 quis
942 2871 988 2917 aut
1004 2862 1102 2934 quibus

154 2945 375 3016 commodaverit,
395 2947 453 3019 ipse
468 2946 605 3018 possidere
622 2945 737 3001 videtur:
759 2954 786 3002 et
800 2947 853 3002 boc
867 2954 923 3014 est,
947 2944 1020 3017 quod
1036 2945 1101 3001 dici·

155 3035 214 3100 tur,
234 3030 349 3086 retinere
368 3031 565 3102 possessionem
585 3045 665 3102 posse
680 3029 792 3102 aliquem
807 3045 855 3102 per
870 3028 1033 3101 quemlibet,
1056 3030 1103 3102 qui

155 3113 212 3166 eius
226 3113 332 3167 nomine
352 3113 389 3168 sit
404 3113 431 3168 in
445 3113 624 3185 possessione.
663 3113 818 3184 quinetiam
833 3114 920 3168 animo
936 3127 1045 3185 quoque
1059 3127 1102 3168 re·

98 3227 102 3234 ι
156 3195 233 3251 tineri
253 3195 449 3268 possessiouem
469 3196 572 3269 placet,
596 3196 621 3251 id
637 3202 736 3264 estut,
759 3197 876 3268 quamvis
890 3212 978 3268 neque
993 3196 1053 3269 ipse
1067 3197 1103 3251 sit

154 3347 353 3356 *—

223 3453 242 3514 ¹)
260 3471 295 3506 eac
309 3459 438 3522 plerisque
455 3460 529 3509 codd.
547 3461 588 3514 ed.
604 3457 678 3510 Salar.
698 3460 746 3508 -rtt
764 3475 798 3510 ee
815 3461 889 3510 codd.
908 3467 956 3511 oet.
974 3461 1016 3514 ed.
1035 3459 1086 3512 Kr.
