2500 3890
142 206 201 270 142
294 223 329 256 nu
346 220 501 257 nocnrrouc
519 221 553 256 nn
570 219 755 257 conuocaretur
768 205 818 267 111,
831 207 865 256 24
882 203 947 270 (Ιὸ).

137 379 193 418 non
214 363 378 436 susceperit,
400 377 511 417 securus
534 363 594 418 erit.
631 361 701 416 idem
722 369 749 416 et
768 361 795 415 in
816 361 913 416 ceteris
936 359 1100 415 animalibus

137 449 288 519 ceterisque
302 445 383 501 rebus
394 445 586 519 intellegimus.
624 448 717 517 utique
729 454 817 500 tamen
830 443 1036 500 vindicationem
1051 445 1097 500 rei

137 538 165 586 et
179 530 376 588 condictionem
391 528 515 585 exhibere
531 528 638 585 debebit
653 531 785 602 emptori,
801 529 863 600 quia
877 543 958 601 sane,
975 529 1021 600 qui
1036 544 1099 583 rem

137 613 256 670 nondum
271 614 388 686 emptori
401 612 526 680 tradidit,
549 613 635 669 adhuc
656 615 713 686 lpse
732 611 856 668 dominus
872 617 922 666 est.
966 611 1036 666 idem
1051 621 1101 667 est

104 709 121 756 4
138 699 217 752 etiem
239 697 271 752 de
291 696 357 754 furti
378 704 404 752 et
423 695 457 752 de
471 695 559 752 damni
573 698 686 752 iniuriae
700 697 813 752 actione.
850 693 956 766 Emptio
972 703 1027 750 tam
1042 694 1099 750 sub

139 779 295 837 condicione
311 797 390 853 quam
411 796 478 854 pure
498 781 620 836 contrahi
635 787 734 853 potest.
772 778 822 834 sub
837 779 995 834 condicione
1011 779 1099 834 veluti

139 878 170 921 sn
192 878 321 922 screnus
343 880 439 922 nunna
461 879 586 922 cunnum
612 880 690 920 omn
712 879 777 920 urar
798 877 992 933 runcuunrn,
1019 879 1100 919 unam

105 961 204 1008 orror
224 964 348 1006 umerus
370 962 484 1006 annuns
506 964 578 1005 non.
614 947 683 1004 Loca
704 962 780 1002 sacra
800 947 842 1001 vel
863 946 1008 1020 religiosa,
1030 947 1099 1002 item

138 1031 253 1105 publica,
268 1033 351 1088 veluti
365 1031 464 1101 lorum,
480 1031 626 1102 basilicam,
642 1030 743 1086 frustra
758 1030 817 1101 quis
832 1031 920 1085 sciens
936 1030 1010 1102 emit,
1026 1047 1101 1102 quae

137 1124 225 1172 tamen
241 1117 263 1171 si
278 1132 327 1189 pro
343 1116 452 1189 privatis
467 1114 508 1169 vel
523 1115 656 1187 prolenis,
673 1114 803 1186 deceptus
818 1129 832 1168 a
847 1113 1001 1184 venditore,
1026 1130 1102 1170 eme·

125 1201 188 1274 urit,
203 1198 311 1255 habebit
326 1199 458 1254 actionem
473 1215 505 1253 er
520 1207 626 1270 empto,
641 1197 714 1270 quod
729 1213 783 1252 nou
800 1195 899 1252 hahere
915 1197 938 1252 ei
955 1196 1046 1268 liceat,
1064 1205 1099 1252 ut

138 1291 336 1356 consequatur,
365 1282 439 1353 quod
464 1297 512 1337 sua
541 1283 670 1352 interest,
697 1281 840 1354 deceptum
864 1297 925 1336 cum
948 1296 1003 1337 non
1025 1297 1099 1338 esse.

142 1366 212 1422 idem
227 1367 292 1422 iuris
308 1372 363 1435 est,
379 1366 402 1420 si
418 1367 553 1422 hominem
567 1365 680 1422 liberum
695 1382 746 1440 pro
762 1380 839 1419 servu
855 1365 962 1420 emerit,
1049 1405 1051 1408 -

493 1577 552 1617 unt
565 1577 643 1617 XXIV
658 1575 748 1626 (XXV).

305 1661 355 1712 DE
372 1661 579 1712 Locnulontu
597 1661 644 1712 ΕΤ
661 1661 931 1716 ΟΟΝΒΙΙΟΤΙΟΝΕ.

119 1817 124 1828 ·
203 1775 330 1838 1toeatto
351 1789 380 1838 et
400 1781 543 1839 conductio
565 1783 684 1856 proxima
705 1791 747 1839 est
762 1785 891 1857 emptioni
906 1793 933 1840 ct
948 1784 1099 1840 venditioni

135 1866 285 1937 iisdemque
299 1866 365 1920 iuris
387 1866 488 1939 regulis
504 1861 658 1922 consistit.²
693 1883 752 1922 nam
769 1876 798 1922 ut
815 1869 916 1940 emptio
932 1875 959 1924 et
974 1867 1096 1924 venditio

136 1951 175 2005 ita
196 1950 376 2020 contrahitur,
396 1951 419 2004 si
439 1949 472 2006 de
494 1952 582 2024 pretio
603 1952 770 2020 convenerit,
794 1952 834 2008 sic
854 1953 933 2008 etlam
952 1951 1053 2008 locatio
1070 1961 1099 2007 et

137 2033 281 2089 conductio
294 2034 331 2089 ita
348 2035 469 2091 contrahi
480 2033 659 2107 intellegitur,
675 2035 698 2088 si
707 2050 808 2090 merces
819 2037 968 2091 constituta
981 2037 1027 2092 sit.
1066 2042 1093 2092 et

139 2119 268 2190 competit
288 2117 400 2173 locatori
423 2116 530 2190 quidem
552 2117 633 2174 locati
654 2119 738 2188 actio,
761 2117 921 2174 conductori
943 2135 1007 2174 vero
1031 2135 1097 2175 con·

13 2271 14 2287 χ
106 2201 120 2249 l
139 2201 221 2263 ducti.
251 2199 283 2257 Et
298 2217 365 2274 quae
380 2201 607 2275 supradiximus,
626 2203 650 2257 si
665 2202 752 2258 alieno
774 2201 884 2258 arbitrio
900 2204 1018 2276 pretium
1033 2219 1099 2276 per·

137 2287 249 2341 missum
263 2285 355 2356 luerit,
370 2286 461 2341 eadem
477 2293 504 2340 et
519 2285 551 2341 de
566 2285 699 2341 locatione
714 2293 741 2340 et
754 2284 932 2341 conductione
948 2285 1019 2342 dicta
1034 2303 1097 2342 esse

137 2367 341 2441 intellegamus,
362 2370 384 2422 si
399 2369 486 2424 alieno
502 2367 610 2425 arbitrio
626 2384 728 2424 merces
743 2371 873 2441 permissa
888 2369 980 2430 luerit.
1019 2363 1097 2437 ³Qua

138 2451 172 2507 de
186 2467 264 2506 causa
278 2452 301 2506 si
316 2451 413 2507 lulloni
427 2451 550 2525 polienda
561 2452 709 2508 curandave
724 2460 770 2507 aut
785 2455 942 2509 sarcinatcri
957 2454 1096 2510 sarcienda

137 2535 294 2590 vestimenta
314 2537 374 2607 quis
394 2535 497 2591 dederit
518 2535 590 2592 nulla
610 2537 702 2592 statim
717 2535 839 2592 mercede
862 2539 1025 2609 constituta,
1045 2537 1096 2592 sed

138 2629 232 2692 postea
253 2625 357 2674 tantum
382 2619 511 2688 daturus,
533 2629 662 2691 quantum
685 2621 822 2675 intereos
844 2623 1015 2691 convenerit,
1039 2637 1096 2676 non

139 2703 248 2776 proprie
267 2701 365 2758 locatio
386 2711 414 2758 et
433 2702 576 2759 conductio
592 2703 714 2759 contrahi
729 2703 910 2777 intellegitur,
932 2705 980 2760 scd
993 2721 1028 2760 eo
1044 2721 1095 2760 no·

106 2789 211 2842 umine
231 2788 404 2860 praescriptis
426 2785 512 2842 verbis
540 2787 609 2844 aetio
632 2787 718 2842 datur.
756 2787 894 2843 Praeterea
917 2789 988 2843 sieut
1009 2788 1095 2861 vulgo

140 2869 332 2942 quaerebatur,
347 2887 380 2926 an
395 2871 552 2944 permutatis
567 2870 648 2926 rebus
663 2873 764 2944 emptio
780 2878 808 2926 et
822 2871 941 2927 venditio
958 2873 1096 2927 contrairi-

139 2960 197 3009 tur:
218 2955 256 3008 ita
276 2956 369 3025 quaeri
388 2953 493 3010 solebat
513 2954 546 3008 de
565 2954 699 3010 locatione
714 2963 742 3010 et
759 2954 956 3025 conductione,
984 2956 1007 3010 si
1022 2954 1097 3011 lorte

138 3053 195 3092 rem
206 3037 319 3110 aliquam
332 3037 379 3093 tibi
390 3037 516 3094 utendam
528 3039 582 3094 sive
597 3037 737 3094 fruendam
755 3039 815 3111 quis
827 3037 931 3094 dederit
943 3047 970 3094 et
980 3040 1096 3095 inuicem

139 3138 154 3177 a
170 3128 197 3176 te
211 3121 288 3177 aliam
303 3120 428 3176 utendam
442 3123 497 3178 sive
517 3121 655 3178 fruendam
670 3123 814 3194 acceperit.
858 3133 885 3178 et
899 3122 1017 3196 placuit,
1039 3137 1096 3178 non

209 3333 217 3366 a
321 3355 354 3364 .-

141 3397 163 3456 2)
182 3333 354 3450 mlaf‘lim‘.
371 3335 494 3464 labb?
507 3333 794 3454 daltbllbltt
808 3335 1096 3452 Zib.‘'2{a.⁷'²s3alf‘⁰b

142 3465 192 3515 Kr.
261 3463 281 3528 3)
299 3487 333 3542 ss
352 3467 406 3519 dat.
425 3469 453 3524 3,
474 3469 521 3518 143
538 3475 596 3517 mut.
