2472 3896
150 245 192 311 36
424 262 460 298 mr
479 261 574 298 ennon
591 261 733 298 bremon
751 247 789 307 11.
808 250 831 297 1.

119 412 132 459 1
213 403 246 461 Et
261 403 367 477 quidem
382 402 497 458 naturali
511 403 570 460 lure
585 404 734 460 eommunia
748 409 813 458 sunt
828 403 947 459 omnium
963 401 1045 457 baec:
1064 417 1118 459 aer

150 497 178 544 et
193 505 261 562 aqua
277 485 415 560 prolluens
430 496 458 542 et
472 501 544 542 mare
559 494 586 544 et
601 504 651 560 per
666 488 718 543 hoc
734 487 816 543 litora
830 488 921 543 maris.
958 501 1039 541 nemo
1056 487 1114 560 igi-

152 582 196 629 tur
217 572 249 627 ad
272 571 336 626 litus
358 571 438 625 uraris
453 569 578 628 accedere
599 569 769 645 prohibetur,
791 571 854 626 dum
876 579 966 626 tamen
986 568 1059 624 villis
1083 579 1116 626 et

150 655 331 711 monumentis
343 662 370 710 et
381 651 505 710 aedificiis
517 653 658 725 abstineat,
673 656 735 727 quia
747 671 801 712 nou
816 662 880 710 sunt
891 655 957 709 iuris
973 654 1112 726 gentium,

117 747 133 794 2
151 740 222 795 sicut
242 747 270 794 et
290 754 369 794 mare.
401 737 518 794 Flumina
539 747 628 794 autem
648 740 737 794 omnia
751 747 779 794 et
793 745 891 813 portus
905 736 1012 810 publica
1027 747 1112 794 sunt:

149 823 265 896 ideoque
280 823 322 878 ios
337 821 456 896 piscandi
468 821 590 878 omuibus
605 837 747 878 commune
761 831 804 879 est
817 823 844 878 in
860 813 1002 894 portlbns¹
1019 819 1113 876 flumi-

117 905 291 979 3nibusque.
322 905 479 962 dstantem
501 905 565 962 litos
584 907 675 976 maris,
699 914 832 979 quotenus
854 905 984 961 hibernus
1006 903 1112 961 lluctus

116 991 277 1046 lmarimus
300 992 425 1047 excurrit.
461 983 606 1062 ²lliparum
628 1005 737 1062 quoque
759 1007 824 1045 usus
845 987 969 1063 publicus
984 996 1027 1045 est
1040 990 1113 1045 luris

151 1077 282 1149 gentium,
298 1076 368 1130 sicut
382 1075 467 1146 ipsius
483 1071 615 1128 dominis:
634 1074 726 1147 itaque
741 1090 834 1129 navem
849 1072 882 1127 ad
896 1089 942 1128 eas
957 1071 1112 1145 appellere,

150 1157 228 1214 iunes
244 1174 276 1213 ex
290 1156 429 1213 arboribus
444 1155 479 1210 ibi
495 1157 564 1211 natis
579 1156 706 1231 religare,
729 1173 798 1213 onus
813 1156 913 1230 aliquid
929 1158 956 1211 in
971 1156 1013 1211 his
1027 1172 1114 1229 repo-

150 1257 215 1297 nere
237 1239 348 1298 cuilibet
369 1239 483 1295 liberum
506 1248 556 1311 est,
580 1241 659 1296 sicuti
681 1257 730 1313 per
743 1241 831 1314 ipsum
846 1237 947 1302 damen
969 1241 1113 1314 navigare.

152 1324 199 1380 sed
221 1325 374 1398 proprietas
396 1340 488 1380 earum
511 1323 618 1380 illorum
642 1331 694 1394 est,
717 1341 833 1398 quorum
848 1323 965 1398 praedlls
980 1322 1114 1380 haerent:

152 1424 203 1482 qua
218 1408 251 1464 de
265 1424 344 1465 causa
359 1406 469 1464 arbores
484 1424 593 1481 quoque
613 1410 642 1464 ln
662 1407 757 1465 ilsdem
771 1417 848 1464 natae
863 1407 1010 1464 eorundem
1033 1417 1114 1466 sunt.

119 1502 134 1549 5
151 1492 271 1549 Litoruru
293 1508 402 1566 quoque
421 1509 488 1547 usus
503 1491 626 1565 publicus
641 1493 707 1548 iuris
722 1494 842 1564 gentium
864 1498 917 1563 est,
937 1493 1008 1548 sicut
1022 1491 1114 1564 ipsius

151 1576 244 1632 maris:
268 1584 296 1632 et
310 1576 345 1632 ob
365 1576 393 1631 id
416 1575 580 1648 quibuslibet
601 1575 714 1630 liberum
729 1584 781 1647 est,
802 1593 891 1633 casam
907 1573 943 1631 ibi
958 1577 1115 1648 imponere,

151 1660 178 1714 in
194 1676 290 1733 quase
305 1660 443 1731 recipiant,
465 1661 536 1715 sicut
558 1661 626 1714 retia
647 1659 748 1716 siccare
769 1668 796 1714 et
817 1677 849 1714 er
870 1675 942 1714 mare
965 1657 1115 1716 deducere.

152 1744 303 1816 proprietas
318 1749 406 1798 antem
422 1758 515 1798 eorum
530 1749 621 1814 potest
635 1743 758 1816 intellegi
773 1743 874 1799 nullius
889 1758 959 1818 esse,
974 1741 1021 1797 sed
1037 1743 1114 1798 eius-

152 1825 212 1880 dem
227 1826 293 1881 iuris
308 1841 379 1897 esse,
393 1826 470 1882 cuius
485 1833 512 1880 et
524 1841 597 1881 mare
612 1834 639 1881 et
654 1842 721 1898 quae
735 1826 873 1883 subiacent
888 1827 964 1898 mari,
979 1833 1052 1882 terra
1066 1826 1114 1882 vel

152 1909 258 1965 harena.

119 2003 135 2050 6
216 1986 419 2049 ³Universitatis
433 2001 506 2062 sunt,
527 2009 583 2048 non
598 1992 776 2066 singulorum,
793 1992 876 2049 veluti
891 2009 959 2065 qnae
974 1995 1002 2048 in
1017 1994 1113 2049 cirita·

153 2076 223 2133 tibus
238 2085 303 2133 sunt
317 2070 457 2148 ⁴theatra,
480 2076 564 2133 stadia
579 2084 606 2132 et
621 2077 716 2133 similla
736 2084 765 2132 et
780 2077 803 2132 sl
823 2092 875 2150 qua
890 2076 941 2133 alia
956 2085 1020 2133 sunt
1035 2093 1113 2132 com-

153 2163 242 2218 munia
257 2163 412 2218 civitatium.

120 2252 135 2299 l
214 2245 318 2301 Nullius
330 2254 419 2302 autem
431 2253 495 2300 sunt
501 2262 545 2301 res
555 2260 645 2300 sacrae
656 2253 683 2300 et
694 2243 838 2318 religiosae
855 2250 882 2300 et
893 2252 1016 2300 sauctae:
1035 2244 1113 2317 qood

119 2335 135 2384 8
153 2329 223 2384 enim
238 2328 320 2384 divini
333 2330 399 2384 iuris
414 2337 465 2394 est,
480 2327 508 2384 id
522 2328 623 2384 nullius
638 2330 665 2383 in
680 2326 757 2383 bonis
774 2335 825 2383 est.
856 2326 934 2383 Sacra
949 2335 1021 2398 sunt,
1040 2344 1113 2401 quae

151 2413 204 2473 rite
217 2420 244 2467 et
260 2429 307 2484 per
322 2410 463 2484 pontifices
478 2411 532 2468 lleo
547 2420 701 2468 consecrata
717 2419 797 2481 suut,
818 2411 901 2467 veluti
916 2412 995 2468 aedes
1016 2428 1111 2468 sacrae

152 2501 180 2550 et
195 2494 274 2568 dona,
291 2511 358 2567 quae
370 2496 421 2549 rite
432 2494 466 2550 ad
477 2497 653 2551 ministerium
665 2494 710 2550 llei
722 2493 842 2551 dedicata
852 2503 926 2566 sunt,
942 2511 1011 2567 quae
1026 2497 1110 2551 etiam

151 2595 200 2652 per
214 2586 336 2634 nostram
350 2573 590 2635 constitutionem⁵
605 2578 712 2633 alienari
733 2587 761 2634 et
780 2577 894 2652 obligari
909 2578 1111 2652 prohibuimus,

151 2671 261 2735 excepta
277 2679 355 2719 causa
373 2662 564 2736 redemptionis
585 2663 760 2734 captivorum.
790 2663 813 2716 si
835 2664 897 2736 quis
913 2679 976 2718 vero
993 2664 1113 2719 auctori·
1207 2659 1208 2736 Τ

153 2754 208 2802 tate
222 2762 269 2800 sua
285 2748 361 2821 quasi
376 2762 480 2802 sacrum
500 2744 550 2801 sibi
571 2746 759 2816 constituerit,
781 2762 888 2802 sacrum
908 2754 1039 2817 nonest,
1062 2745 1113 2802 sed
1207 2801 1208 2818 ,

153 2830 305 2904 profanum.
342 2830 417 2886 locus
432 2839 530 2898 autem,
556 2831 584 2884 in
599 2846 654 2902 quo
670 2845 758 2885 sacrae
773 2829 852 2885 aedes
867 2827 1019 2886 aedificatae
1033 2837 1109 2900 sunt,

153 2916 233 2970 etiarn
256 2914 348 2971 diruto
370 2913 502 2985 aedilicio,
525 2912 613 2969 adhuc
634 2929 709 2968 sacer
729 2922 828 2983 manet,
853 2921 883 2969 ut
902 2913 1111 2987 etVPapinianus
1207 2927 1208 2930 ’

120 2999 269 3073 decripsit.
302 2992 486 3072 ⁶lleligiosum
504 2997 593 3052 locum
609 2999 794 3071 unusquisque
814 3014 862 3052 sua
883 2996 1020 3053 voluntate
1037 2996 1111 3068 iacit,

219 3177 241 3242 ¹)
258 3179 358 3241 scripsi.
377 3171 471 3240 λιμέσι
492 3177 601 3241 Theoplt.
620 3181 701 3240 portu
722 3178 797 3228 codd.
815 3178 873 3229 edd.
961 3175 982 3240 ²)
1000 3178 1058 3239 sere
1077 3197 1112 3219 =
1207 3217 1208 3240 3

153 3246 184 3295 L.
202 3247 226 3295 2.
244 3246 277 3294 D.
296 3246 328 3294 de
346 3246 394 3295 dio.
412 3259 465 3298 rer.
484 3246 519 3305 ll,
532 3245 559 3304 8)
578 3259 613 3294 ecc
626 3244 689 3295 Gaii.
703 3246 819 3298 Ldrer.
837 3253 906 3310 quot.
958 3243 1070 3306 ³)L.
1085 3247 1110 3295 6.
1207 3269 1208 3272 ¹

152 3313 176 3372 5.
198 3313 281 3362 linit.
308 3313 337 3360 Ι).
360 3313 392 3360 de
410 3313 460 3361 dio.
478 3327 531 3364 rer.
550 3309 591 3376 (1,
609 3308 636 3375 8)
654 3328 689 3361 ex
705 3311 837 3361 Marcioni
854 3315 870 3364 l.
889 3315 905 3360 3
923 3313 1002 3361 instit.
1035 3350 1038 3356 ,
1090 3308 1112 3375 ⁴)
1207 3343 1208 3354 η

153 3383 184 3426 nt
206 3381 304 3428 addunt
324 3379 398 3429 codd.
422 3379 479 3432 edd.
501 3378 573 3428 secr.
595 3387 621 3428 et
644 3378 693 3432 Kr.
722 3378 843 3444 ipaoront
868 3378 979 3442 Theoph.
1001 3384 1027 3427 et
1049 3379 1111 3444 Βία.

154 3443 175 3508 ⁵)
193 3445 225 3497 L.
243 3446 283 3494 21.
303 3445 330 3495 0.
349 3447 381 3495 de
397 3461 495 3496 sacros.
514 3448 574 3495 eccl.
593 3442 629 3510 (1,
647 3445 683 3509 2).
753 3441 774 3510 θ)
791 3447 886 3508 partlm
902 3464 936 3486 ==
953 3446 985 3498 L.
998 3447 1022 3494 6.
1042 3445 1065 3506 5.
1086 3447 1111 3495 4.

155 3512 186 3562 D.
206 3513 237 3561 de
255 3513 303 3565 dio.
321 3527 373 3562 rer.
392 3513 426 3575 (1,
445 3511 471 3574 8)
491 3527 525 3562 ear
543 3511 627 3562 Marc.
647 3515 664 3562 l.
684 3526 707 3561 c.
