2492 3896
998 74 1002 100 1

104 133 164 197 102
203 151 238 185 na
257 148 430 197 sassones,
449 149 521 192 cuna
538 148 572 183 as
590 148 743 212 rorasse-nno
761 149 940 186 narnsunrua
958 136 1013 197 111,
1034 137 1057 185 1.

103 307 155 363 que
170 290 278 348 deserto
293 293 334 346 avi
353 297 532 360 testamento,
553 307 618 347 suus
640 290 718 346 heres
735 289 860 347 eiiicitur.
897 290 976 364 piane
991 291 1014 344 si
1030 299 1058 345 et

102 384 251 449 conceptus
270 384 298 431 ct
320 383 398 430 natus
413 374 495 430 fuerit
509 383 572 446 post
586 383 699 430 mortem
714 377 771 446 avi,
793 384 901 430 mortuo
916 381 992 448 patre
1006 390 1057 429 suo

102 458 266 531 desertoque
281 466 375 531 postea
389 459 429 513 avi
446 466 622 528 testamento,
645 475 712 514 suus
726 459 805 515 heres
821 474 869 513 avo
885 474 940 512 non
955 459 1057 530 existit,

102 543 166 615 quia
181 542 257 598 nullo
277 544 336 598 iure
357 543 527 615 cognationis
541 551 644 616 patrem
660 546 702 599 sui
715 544 801 616 patris
817 543 918 615 tetigit.
953 543 993 598 sic
1008 558 1059 598 nec

101 624 147 680 iiic
162 635 204 681 cst
218 627 289 682 inter
303 624 403 682 liberos
418 642 465 682 avo
474 667 482 700 ,
499 643 577 698 quem
594 626 664 682 filins
681 628 861 700 emancipatus
876 624 1058 698 adoptaverat.

101 708 128 762 hi
144 717 232 765 autem
248 726 308 767 cum
323 726 377 766 non
392 718 456 766 sunt
471 718 600 783 quantum
621 709 653 765 ad
668 711 844 766 hereditatem
859 709 949 774 liberi,
969 725 1059 782 neque

101 791 234 849 honorum
250 795 447 867 possessionem
463 803 556 869 petere
577 801 693 867 possunt
715 796 789 866 quasi
806 795 920 867 proximi
934 795 1055 867 cognati.

100 875 167 931 haec
181 876 214 932 de
229 879 285 934 suis
300 877 452 935 heredibus.

68 971 83 1018 9
163 959 327 1035 Emancipati
348 971 435 1017 antem
455 960 532 1016 liberi
553 961 610 1016 iure
630 961 700 1017 civili
713 961 779 1016 nihil
794 962 861 1016 iuris
878 959 988 1017 liabent:
1012 977 1058 1016 nc·

101 1060 153 1116 que
169 1047 238 1100 enim
259 1047 301 1101 sui
322 1044 435 1100 herodes
451 1052 530 1115 sunt,
552 1046 614 1116 quia
634 1046 663 1100 in
683 1053 818 1116 potestate
838 1061 898 1101 esse
918 1044 1058 1100 desierunt

100 1130 235 1199 parentis,
258 1144 346 1202 neque
367 1128 419 1184 aiio
441 1127 496 1183 ullo
512 1129 570 1184 iure
584 1145 634 1201 por
648 1128 734 1200 legem
750 1127 891 1184 duodecim
908 1128 1057 1184 tabularum

100 1219 240 1268 vocantur.
277 1213 324 1268 scd
338 1221 448 1285 praetor
468 1212 581 1267 naturali
597 1213 732 1284 aequitate
751 1220 842 1268 motus
858 1212 904 1267 dat
918 1213 957 1268 eis
973 1211 1059 1268 bono·

100 1310 159 1349 rum
175 1299 374 1369 possessionem
397 1295 468 1352 unde
489 1294 579 1366 liberi,
602 1295 713 1370 perinde
728 1312 759 1352 ac
777 1298 800 1351 si
815 1296 843 1351 in
858 1303 995 1369 potestate
1009 1312 1057 1369 pa-

100 1376 185 1434 rentis
207 1381 302 1436 mortis
324 1387 446 1454 tempore
461 1380 591 1450 tuissent,
613 1381 669 1436 sive
690 1381 742 1435 soii
765 1382 819 1435 sint
841 1382 896 1435 sive
919 1395 978 1435 cum
1001 1382 1058 1436 suis

100 1462 243 1518 heredibus
258 1472 428 1520 concurrant.
459 1467 549 1537 itaque
563 1463 670 1519 duobus
684 1462 775 1519 liberis
790 1462 952 1535 extantibus,
968 1480 1058 1520 eman-

100 1547 187 1619 cipato
203 1556 231 1602 et
247 1550 293 1620 qni
307 1550 402 1604 mortis
417 1555 539 1621 ternpore
553 1549 580 1602 in
596 1556 730 1621 potestate
745 1547 841 1619 inerit,
864 1564 928 1603 sane
950 1549 1058 1619 quidem

99 1631 139 1702 is,
163 1632 208 1704 qui
224 1633 251 1685 in
265 1640 402 1704 potestate
416 1632 513 1701 inerit,
536 1631 611 1686 solus
631 1633 690 1687 iure
710 1632 779 1687 civili
801 1633 951 1702 1333333331,
973 1631 1059 1688 idest

100 1714 176 1768 solus
191 1731 257 1769 suns
271 1716 350 1770 heres
367 1723 422 1770 cst:
445 1714 492 1770 sed
509 1732 568 1772 curn
584 1717 765 1788 emancipatus
780 1713 909 1772 beneficio
924 1719 1058 1788 praetoris

100 1797 127 1851 in
142 1805 244 1870 partem
260 1796 423 1871 admittitur,
446 1800 547 1867 evcnit,
572 1806 603 1853 nt
623 1815 688 1856 suns
709 1799 787 1854 heres
807 1816 857 1872 pro
878 1807 955 1874 parte
977 1801 1058 1857 heres

53 1888 84 1937 10
102 1878 157 1936 fiat.
201 1882 235 1936 At
250 1881 292 1952 hi,
315 1881 361 1954 qui
377 1883 531 1955 emancipati
547 1899 560 1937 3
575 1891 687 1955 parente
702 1884 730 1938 in
744 1883 916 1956 adoptionem
932 1900 961 1939 se
976 1882 1055 1939 dede-

99 1973 178 2034 runt,
200 1981 256 2020 non
270 1964 448 2022 admittuntur
460 1966 492 2021 ad
508 1965 576 2021 hona
592 1965 721 2022 naturalis
735 1968 818 2040 patris
833 1969 909 2039 quasi
924 1966 1018 2038 liberi,
1034 1969 1057 2023 si

100 2047 196 2118 modo,
218 2065 278 2104 cum
294 2050 316 2104 is
332 2058 497 2121 moreretur,
521 2053 548 2105 in
564 2050 688 2124 adoptiva
710 2050 807 2106 familia
822 2053 885 2112 sint.
921 2067 981 2107 nam
996 2053 1057 2106 vivo

99 2147 132 2187 eo
155 2134 312 2205 emancipati
332 2131 364 2187 ab
380 2133 503 2208 adoptivo
517 2143 595 2208 patre
615 2134 725 2208 perinde
746 2135 925 2191 admittuntur
939 2134 970 2189 ad
986 2134 1057 2191 bona

99 2216 227 2271 naturalis
243 2218 344 2289 patris,
366 2233 397 2274 ac
416 2218 440 2273 si
456 2220 613 2291 emancipati
633 2217 665 2272 ab
684 2219 744 2292 ipso
760 2227 850 2274 essent
866 2235 1057 2292 necunquam

100 2301 127 2353 in
142 2299 264 2371 adoptiva
280 2299 377 2355 inmiiia
392 2300 520 2358 inissent:
543 2311 571 2357 ct
585 2305 786 2372 convenienter,
808 2302 881 2375 quod
901 2303 935 2358 ad
952 2302 1057 2376 adopti-

100 2397 161 2436 vum
176 2390 280 2454 patrem
294 2385 425 2455 pertinet,
446 2393 635 2441 extraneorum
657 2386 718 2442 ioco
735 2403 795 2442 3333
809 2387 949 2459 incipiunt.
992 2397 1056 2460 post

99 2472 214 2520 mortem
228 2481 292 2520 vero
314 2467 442 2523 naturalis
462 2469 545 2540 patris
565 2471 723 2542 emancipati
737 2469 769 2524 aiv
784 2469 911 2544 adoptivo
926 2479 954 2527 et
969 2487 1053 2544 qnan-

98 2559 157 2604 tum
179 2548 211 2603 ad
234 2549 306 2604 hunc
327 2566 409 2624 acque
432 2561 618 2609 extraneorum
641 2552 702 2608 loco
718 2551 787 2608 fiunt
806 2562 849 2623 et,
872 2563 1000 2627 quantum
1021 2555 1055 2610 ad

99 2632 229 2688 naturalis
251 2635 370 2706 parentis
392 2634 461 2690 bone
475 2637 609 2708 pertinet,
633 2636 716 2692 nihilo
732 2638 817 2710 magis
832 2637 977 2695 liberorum
993 2655 1055 2712 gra·

98 2716 163 2772 dnm
184 2719 388 2774 nanciscuntur:
412 2719 484 2792 quod
506 2719 567 2774 idco
583 2722 622 2775 sic
636 2720 751 2793 placuit,
774 2723 835 2793 quia
851 2723 970 2794 iniquum
986 2731 1055 2794 crat,

99 2816 158 2856 esse
173 2803 200 2858 in
215 2810 350 2875 potestate
364 2804 448 2877 patris
464 2804 595 2876 adoptivi,
610 2805 642 2858 ad
658 2821 727 2877 qnos
743 2803 813 2860 lvoua
829 2806 956 2861 naturalis
971 2808 1054 2879 patris

49 2891 80 2938 11
100 2887 283 2957 pertinerent,
306 2895 396 2942 utrum
419 2887 451 2944 ad
472 2887 574 2942 liberos
596 2888 654 2943 eius
677 2903 708 2943 an
731 2888 764 2943 ad
786 2887 928 2962 adgnatos.
967 2890 1054 2945 Minus

97 2985 164 3040 ergo
177 2971 242 3024 iuris
254 2967 353 3026 habent
364 2970 481 3045 adoptivi
496 2964 562 3026 filii¹
578 2987 656 3043 quam
671 2972 816 3028 naturales.
846 2989 960 3045 namque
975 2983 1053 3030 natu-

97 3053 167 3107 raics
178 3053 335 3124 emancipati
347 3052 478 3110 beneficio
491 3056 624 3126 praetoris
636 3055 749 3128 gradum
764 3055 909 3112 liberorum
925 3059 1052 3125 retinent,

95 3135 159 3191 licet
173 3137 232 3191 inre
247 3136 317 3192 civili
331 3137 461 3210 perduntz
484 3137 602 3211 adoptivi
617 3155 680 3194 vero
695 3141 853 3214 emancipati
867 3149 896 3196 et
910 3141 968 3197 inre
983 3141 1053 3198 civili

163 3331 183 3393 ¹)
202 3335 280 3398 aliqui
291 3335 365 3387 codd.
377 3334 456 3395 inser.
468 3333 573 3394 παῖδες
589 3335 702 3401 Τήεορή,
719 3334 769 3385 filii
781 3352 828 3387 om.
844 3339 958 3402 plerique
975 3340 1051 3390 codd.

94 3401 152 3454 edd.
171 3399 243 3450 Sclvr.
262 3407 287 3450 et
305 3401 355 3449 Kr.
