2500 3890
173 188 233 253 188
268 205 303 240 ss
321 205 468 242 ennnnrurs
487 205 520 240 nr
537 205 686 240 emoneo.
704 195 929 243 soricinensem.
947 189 994 250 IV,
1014 191 1053 242 12.

170 345 243 401 torte
257 337 452 416 celebrantur,¹
469 346 591 417 optinere
606 361 756 416 censemus,
771 361 831 400 cnm
846 360 956 400 necesse
971 351 1014 400 est
1029 359 1123 399 omncs

170 430 319 503 provincias
347 436 428 502 caput
455 429 572 484 omnium
599 437 752 484 nostrarum
779 430 915 484 civitatum
942 427 969 483 id
991 434 1033 483 est
1053 427 1125 484 hauc

170 513 272 585 regiam
285 510 393 584 urbem,
409 513 521 584 eiusque
536 511 730 567 observantiam
745 513 833 585 sequi.

584 690 642 730 tur.
654 690 709 730 XII.

212 773 261 823 DE
278 774 481 826 PERPETUIS
499 775 546 824 ΕΤ
563 772 845 826 TEMPORALIBUS
862 771 1077 825 terroribus

270 857 318 907 ET
335 857 431 920 QUAE
450 859 499 910 AD
517 857 690 910 HEREDES
706 859 779 909 VEL
796 859 835 909 IN
851 856 1021 908 HEREDES

535 941 761 996 TRANSEUNT.

120 1073 156 1114 rr.
234 1057 312 1119 ²Hoc
331 1063 392 1119 loeo
412 1063 571 1119 admonendi
586 1080 694 1133 sumus,
716 1080 760 1119 eas
776 1061 882 1136 quidem
898 1063 1031 1132 actiones,
1053 1079 1125 1135 quac

171 1163 204 1202 ex
218 1146 280 1220 lege
294 1154 436 1203 senatusue
451 1147 576 1203 consulto
591 1149 647 1203 sive
663 1164 694 1202 er
710 1147 792 1203 sacris
807 1144 1044 1202 constitutionibus
1059 1162 1124 1218 pro·

171 1228 336 1300 ficiscuntur,
350 1239 480 1302 perpetuo
492 1230 581 1286 solere
593 1233 741 1304 antiquitus
752 1236 915 1302 competere,
931 1228 1017 1285 donec
1031 1246 1125 1286 sacrae

172 1315 379 1369 constitutiones
395 1323 448 1368 tam
463 1316 490 1368 in
504 1331 560 1370 rem
578 1331 656 1387 quam
667 1312 852 1387 personalibus
868 1312 1016 1368 actionibus
1031 1323 1125 1368 certos

172 1395 239 1453 fines
251 1398 395 1454 dederunt:
412 1414 456 1453 eas
469 1414 544 1469 vero,
557 1415 626 1471 quae
637 1415 667 1453 en
679 1400 787 1472 propria
796 1397 928 1469 praetoris
938 1395 1126 1452 iurisdictione

173 1481 305 1555 pendent,
328 1481 485 1555 plerumque
504 1483 573 1537 intra
594 1499 692 1538 annum
708 1483 794 1537 vivere
814 1471 888 1559 (nam
904 1488 931 1535 et
946 1481 1029 1552 ipsius
1045 1496 1125 1552 prae·

171 1565 240 1620 toris
255 1566 324 1620 intra
338 1581 436 1620 annum
451 1573 510 1620 erat
524 1561 686 1640 imperium).
717 1563 858 1636 aliquando
874 1573 963 1618 tamen
979 1571 1006 1619 et
1020 1565 1046 1618 in
1063 1580 1126 1636 per·

171 1658 283 1722 potuum
302 1649 498 1721 extenduntur,
519 1650 546 1704 id
567 1658 714 1720 estusque
735 1648 767 1703 ad
789 1646 868 1703 linem
884 1646 1125 1703 constitutionibus

171 1731 372 1801 introductum,
388 1732 481 1804 quales
496 1740 559 1787 sunt
574 1733 640 1803 hae,
656 1749 722 1804 quas
738 1730 870 1786 bonorum
886 1733 1038 1802 possessori
1052 1738 1127 1787 cete·

171 1816 279 1887 risque,
296 1816 342 1886 qui
357 1814 462 1869 heredis
477 1814 538 1870 loco
553 1822 625 1884 sunt,
642 1813 834 1871 accommodat.
868 1813 932 1869 iurti
947 1830 1056 1887 quoque
1070 1831 1126 1869 ma·

172 1897 264 1953 niiesti
285 1899 371 1970 actio,
393 1899 513 1969 quamvis
534 1899 670 1969 exipsius
691 1899 823 1970 praetoris
841 1897 1026 1954 iurisdictione
1041 1897 1125 1970 proli·

172 1983 304 2052 niscatur,
327 1989 414 2036 tamen
436 1990 569 2054 perpetuo
591 1981 682 2036 datur:
705 1981 848 2036 absurdum
868 1983 937 2036 enim
958 1997 1017 2036 esse
1032 1983 1126 2037 existi-

141 2071 153 2118 1
172 2066 265 2134 mavit,
281 2080 350 2120 anno
365 2081 423 2120 eam
439 2066 582 2121 terminari.
619 2065 677 2121 Non
693 2081 786 2120 omnes
802 2072 890 2120 autem
905 2066 1041 2137 actiones,
1058 2081 1127 2137 quae

172 2151 200 2204 in
215 2148 330 2221 aliquem
346 2158 391 2204 aut
412 2151 471 2223 ipso
494 2150 552 2204 iure
568 2157 724 2222 competunt
739 2159 785 2204 aut
799 2165 814 2203 a
828 2157 954 2220 praetore
969 2148 1081 2218 dantur,
1098 2157 1126 2203 et

173 2234 200 2287 in
221 2232 346 2287 heredem
368 2249 451 2304 aeque
472 2242 630 2305 competunt
650 2241 695 2288 aut
715 2233 771 2288 dari
791 2231 891 2287 solent.
927 2239 968 2286 cst
983 2233 1052 2287 enim
1067 2247 1127 2287 cer·

173 2317 274 2370 tissima
293 2317 357 2371 iuris
376 2315 486 2387 regula,
510 2332 542 2371 ex
562 2314 697 2371 maleficiis
717 2315 844 2389 poenales
866 2317 983 2370 actiones
1004 2317 1031 2370 in
1046 2316 1126 2371 bere-

173 2397 232 2453 dem
248 2415 303 2454 non
323 2408 490 2472 competere,
512 2399 595 2455 veluti
616 2400 698 2472 furti,
719 2401 743 2454 vi
758 2398 892 2454 bonorum
906 2407 1062 2472 raptorum,
1085 2401 1127 2454 in-

173 2483 316 2552 iuriarum,
339 2483 427 2538 damni
447 2484 569 2538 iniuriae.
607 2483 654 2538 sed
676 2483 817 2538 heredibus
837 2482 991 2537 huiusmodi
1006 2484 1127 2537 actiones

173 2574 330 2637 competunt
349 2582 399 2621 nec
421 2566 601 2638 denegantur,
625 2575 734 2639 excepta
756 2566 913 2621 iniuriarum
935 2567 1040 2621 actione
1061 2568 1128 2622 etsi

173 2665 225 2721 qua
251 2649 300 2703 alia
326 2650 420 2705 similis
445 2651 604 2706 inveniatur.
640 2650 781 2723 aliquando
802 2656 891 2704 tamen
912 2651 991 2704 etiam
1014 2665 1047 2704 ex
1062 2666 1128 2705 con·

173 2741 261 2789 tractu
283 2735 352 2788 actio
372 2741 465 2789 contra
481 2733 606 2788 heredem
621 2750 677 2788 non
692 2734 838 2805 competit,
853 2749 913 2787 cum
929 2725 1064 2788 testator3
1079 2732 1128 2788 do·

173 2815 232 2872 lose
241 2824 362 2871 versatus
373 2819 409 2872 sit
420 2826 447 2872 et
464 2817 495 2872 ad
507 2816 632 2872 heredem
646 2819 702 2872 eius
716 2817 780 2871 nihil
791 2831 822 2870 er
835 2831 867 2871 eo
885 2815 947 2870 dolo
963 2819 1127 2887 pervenerit.

173 2900 300 2973 poenales
315 2908 402 2955 autem
419 2903 555 2972 actiones,
571 2917 637 2972 quas
653 2899 871 2974 supradiximus,
888 2900 910 2952 si
927 2898 958 2954 ab
973 2900 1037 2971 ipsis
1054 2901 1129 2971 prin·

173 2984 303 3056 cipalibus
319 2986 443 3056 personis
465 2984 566 3040 luerint
581 2991 763 3053 contestatae,
786 2991 814 3039 et
828 2982 971 3039 heredibus
987 2983 1085 3038 dantur
1100 2991 1129 3039 ct

173 3074 268 3123 contra
282 3067 394 3123 heredes
411 3075 559 3123 transeunt.

175 3180 373 3190 —-—-—

240 3242 261 3308 ¹)
279 3247 358 3308 aliqui
375 3247 450 3300 codd.
466 3248 542 3308 infer.
559 3246 669 3309 Tbeopb.
687 3245 892 3296 celebrabantur
908 3248 982 3297 codd.
1000 3253 1049 3298 net.
1068 3247 1128 3299 edd.

173 3311 346 3365 Scbr.etKr,
415 3311 436 3372 ²)
452 3313 550 3376 pr.§§.
566 3313 960 3377 1.2=ttat.4,110...114
977 3320 1035 3367 mut.
1106 3311 1128 3374 8)

173 3382 301 3444 tepentium
318 3381 417 3429 uidetur
432 3379 509 3430 velut
526 3395 586 3474 cmm
603 3379 785 3444 depositarius
802 3381 836 3443 cf.
857 3381 967 3444 Tbeopb.
987 3396 1130 3446 quanquam

173 3447 195 3494 is
212 3446 343 3511 utrobique
361 3449 466 3498 errauit.
