2472 3896
165 133 210 200 34
287 149 322 186 nn
341 149 482 188 enaascnrs
500 147 649 186 rnroamna
667 149 701 186 nn
718 147 907 188 cuntramnus
925 133 948 194 1.
964 135 1006 190 2⁶.

166 289 471 363 unicuicumque
492 291 610 364 suspecti
633 287 691 346 deri
704 297 829 363 possunt.
861 287 1140 362 scantianam
1202 283 1203 292 ’

167 381 272 432 tutores
287 381 413 446 possunt,
433 375 488 430 sive
503 375 697 434 testamentarii
713 375 767 430 sint
788 366 860 430 sire¹
882 373 993 434 alterius
1016 376 1137 446 generis
1202 411 1203 424 ι

166 465 283 520 tutores.
314 464 437 530 quercet
453 458 476 514 sl
489 457 627 532 legitimus
638 459 674 514 ait
686 465 771 532 tutor,
788 457 905 518 accusari
921 457 1033 530 poterit.
1063 458 1136 532 quid
1202 457 1203 514 i

166 542 189 602 si
204 540 352 614 pauoaust
383 539 472 598 adhuc
486 539 556 601 idem
572 543 624 597 erit
638 540 793 602 dicendum:
810 539 956 600 dummodo
972 541 1136 602 meminori-
1202 555 1203 558 ’

166 623 351 694 mue,fao1ae
373 625 479 697 patroni
501 623 677 697 parcendum,
700 624 763 686 licet
785 631 816 684 ut
837 634 981 698 suspectus
1002 633 1134 686 mmotue

134 706 258 768 afuerit.
288 705 462 781 Consequens
483 715 536 778 est,
559 717 589 764 ut
612 708 762 776 rideamus,
785 709 832 782 qui
853 709 959 781 possint
979 717 1134 782 suspectos

167 791 315 865 postutare.
345 799 373 854 et
395 791 532 852 sciendum
555 800 607 862 est,
629 793 705 865 quast
720 790 852 866 publicam
867 807 927 852 esee
948 792 1017 852 hanc
1038 794 1130 852 actio-
1203 835 1204 838 ι

167 890 239 946 neto,
260 875 313 935 hoc
332 882 374 933 est
389 874 514 936 omnibus
529 884 631 950 patere.
662 877 818 949 quinimmo
839 883 867 932 st
881 876 1007 934 mutieres
1029 876 1129 932 admit·
1203 911 1204 916 κ

167 966 264 1020 tuntur
277 975 311 1016 cx
324 961 458 1033 rescripto
473 958 595 1018 divorum
610 958 701 1016 Severi
715 968 743 1018 et
757 960 894 1028 Antonini,
910 959 959 1016 sed
973 959 1023 1018 hae
1038 959 1131 1031 sono,

168 1059 236 1116 quac
250 1044 359 1116 pietatis
375 1043 571 1104 necessitudine
586 1042 682 1102 ductae
703 1042 735 1098 ad
756 1042 808 1102 hoe
822 1043 988 1116 procedunt,
1013 1051 1044 1101 ut
1057 1053 1129 1117 puta

167 1135 266 1187 mater:
282 1127 372 1186 nutrix
388 1141 496 1198 quoque
512 1133 539 1184 et
553 1127 610 1184 avia
625 1134 750 1199 possunt,
771 1133 864 1200 petest
877 1134 905 1184 ct
919 1143 1013 1186 soror:
1031 1127 1084 1184 aed
1100 1136 1130 1188 et

159 1211 190 1270 ¹ti
206 1226 258 1282 qua
272 1209 368 1266 mulier
382 1209 473 1279 inerit,
489 1210 563 1268 cuius
575 1217 686 1282 praetor
695 1226 856 1285 propensam
867 1211 896 1270 itt
907 1211 1035 1283 pietatem
1049 1227 1127 1270 men·

165 1287 241 1351 tem²
263 1292 427 1354 intellexerit
448 1309 503 1352 non
524 1311 605 1354 sexus
626 1294 812 1354 normandiam
839 1286 1056 1368 egredientem,³
1076 1296 1127 1354 aed

165 1377 264 1450 pietate
278 1376 437 1450 productam
452 1394 506 1436 non
523 1379 660 1438 continere
674 1379 795 1436 iniuriam
811 1376 986 1451 pnpiiiorum,
1006 1377 1128 1440 admittit

130 1463 223 1520 team
244 1460 279 1520 ad
299 1463 504 1522 accusationem.
538 1461 693 1536 Impuberas
715 1477 770 1520 non
792 1469 908 1535 possunt
929 1469 1035 1520 tutores
1057 1478 1127 1524 auos

164 1553 306 1618 suspectos
320 1544 473 1618 postulare:
493 1545 609 1620 puberes
624 1553 713 1604 autern
728 1553 866 1606 curatores
881 1561 947 1604 suos
962 1561 994 1600 sn
1009 1546 1128 1608 coneilio

164 1631 378 1690 necessariorum
393 1637 535 1701 suspectos
556 1635 672 1701 pessunt
690 1643 820 1707 arguere:
842 1636 871 1688 ct
886 1631 925 1686 ita
939 1629 992 1686 divi
1007 1628 1127 1690 Severus

131 1713 156 1788 5Ι
165 1718 194 1770 et
208 1712 361 1772 Antoninus
376 1713 581 1785 rescripserunt.
611 1711 758 1785 Suspectus
773 1720 815 1776 eat
829 1721 928 1778 nutem,
949 1721 978 1772 ct
992 1705 1053 1786 qui⁴
1067 1730 1128 1776 nnn

165 1791 266 1854 antido
280 1794 391 1854 tutelam
407 1796 492 1868 gerit,
515 1794 579 1852 licet
593 1794 721 1854 solvendo
737 1804 789 1866 est,
811 1790 859 1852 ut⁵
880 1796 997 1858 lulianus
1012 1813 1127 1870 quoque

165 1879 284 1951 sempsit.
315 1877 362 1940 ted
376 1885 405 1937 et
419 1885 562 1953 antequam
575 1880 687 1952 incipiet
700 1896 796 1954 genere
812 1880 923 1941 tutelam
939 1888 1024 1954 tutor,
1039 1898 1127 1954 posse
1205 1924 1206 1934 ,

165 1977 226 2024 eum
241 1962 317 2035 quasi
332 1970 490 2035 suspectum
504 1963 651 2034 removeri,
675 1963 745 2024 idem
760 1963 877 2024 lulianus
899 1964 1009 2038 scripsit
1029 1973 1058 2025 et
1079 1982 1126 2024 se-

131 2045 283 2106 ocuudnm
297 2062 358 2108 eum
374 2048 552 2108 constitutum
574 2055 624 2104 est.
663 2045 809 2121 Suspectus
832 2056 921 2108 autem
942 2056 1077 2120 remotus,
1099 2051 1126 2110 si

132 2133 147 2180 ⁷
166 2129 274 2203 qntidern
290 2130 324 2190 oh
340 2130 441 2202 dolum,
457 2131 575 2192 tancane
590 2138 647 2190 esta
663 2133 686 2188 si
702 2131 737 2188 ob
752 2131 867 2205 culpam,
889 2149 944 2190 non
960 2148 1056 2204 aeque.
1092 2133 1125 2190 Si

165 2215 225 2285 quta
237 2221 326 2272 autem
337 2225 480 2287 suspectus
490 2215 655 2289 postulatur,
667 2215 756 2287 quoad
772 2217 891 2288 cognitio
904 2213 1024 2286 finiatur,
1038 2217 1125 2275 inter·

132 2294 265 2362 sdicitur
279 2299 303 2352 ei
318 2296 528 2370 administratio,
551 2308 581 2357 nt
596 2298 739 2372 Papiniano
761 2300 845 2356 visum
866 2307 917 2359 est.
956 2299 1009 2360 Sed
1031 2298 1055 2356 si
1076 2316 1125 2358 su-

165 2381 251 2452 specti
266 2382 386 2454 cognitio
402 2391 527 2455 suscepta
542 2382 623 2438 tuerit
637 2390 784 2455 posteaque
799 2390 874 2438 tutor
887 2383 930 2438 vei
945 2390 1054 2439 curator
1075 2384 1124 2439 de-

132 2468 148 2516 9
167 2463 290 2532 cesserit,
305 2465 473 2538 extinguitur
487 2467 606 2539 cognitio
622 2467 753 2539 suspecti.
789 2465 818 2522 Si
839 2467 900 2540 quis
923 2474 998 2523 tutor
1018 2467 1124 2541 copiam

167 2622 367 2637 ’,Ρ-’ἠ

235 2724 255 2794 1)
272 2727 311 2790 E,
333 2727 443 2794 Tironi.
460 2727 518 2782 aive
535 2742 605 2788 non,
623 2728 669 2782 sed
686 2728 759 2781 BW
773 2731 815 2782 ed.
832 2729 883 2785 Ka.
968 2727 989 2798 ²)
1007 2745 1122 2796 perpen-

165 2809 224 2845 sam
242 2793 368 2860 pictatem
387 2796 461 2848 codd.
487 2812 540 2845 cnam
556 2796 616 2862 ntp.
639 2798 680 2845 ed.
698 2796 748 2846 Kr.
766 2812 927 2864 propensam
944 2814 970 2862 p.
990 2799 1029 2852 eo.
1048 2797 1122 2852 Scor·

164 2865 271 2913 conveni
288 2880 323 2913 ex
344 2863 472 2927 Therapne
489 2851 524 2928 ἧς
541 2855 556 2912 d
575 2861 702 2928 πραίτωρ
719 2856 773 2934 ὁρᾷ
785 2860 837 2930 τὴν
851 2857 966 2929 γνώμην
977 2859 1122 2928 dimovens

166 2926 209 2987 ele
221 2925 253 2980 sd
267 2923 395 2997 εὐσεβεῖν
408 2932 506 2980 scilicet
521 2931 601 2993 periit
611 2929 641 2978 in
653 2931 683 2980 cd
695 2932 798 2982 cicinum
816 2946 987 2995 propensam,
1005 2937 1122 2982 mentem

165 2997 196 3049 oo
213 2999 316 3052 einim
339 2998 468 3061 piantem
488 3000 529 3048 acl
550 2999 624 3061 quati
645 2999 763 3048 iteratum
780 2995 932 3063 (pictatium
949 2997 1054 3052 inmita-

165 3061 186 3127 ο)
207 3064 369 3126 egredientis
387 3064 462 3113 codd.
480 3079 533 3112 cnm
550 3065 609 3126 Dia.
627 3065 698 3126 edd„
714 3065 825 3127 sactum,
843 3074 975 3130 postquam
993 3081 1005 3116 e
1024 3081 1059 3116 em
1075 3067 1122 3116 sed

164 3131 327 3192 adhaeserat,
344 3146 380 3181 eac
396 3130 583 3195 egredientis:
601 3133 708 3182 correct
719 3148 753 3182 em
768 3132 893 3195 Thespi:
911 3123 945 3184 οὗ
964 3127 1021 3197 pso
1039 3126 1107 3184 atem

165 3192 353 3262 σχυντοῦσαν,
367 3190 437 3248 οὐδὲ
450 3188 504 3277 τὴῃἱ
517 3196 568 3262 τῆς
580 3191 691 3260 φύσεως
705 3192 837 3260 ἐξιοῦσαν
851 3194 934 3251 midai.
986 3149 1007 3264 ⁴3
1021 3205 1049 3250 ct
1062 3199 1121 3265 qui]

165 3265 212 3328 qui
229 3266 309 3320 4οοιιιί.
335 3266 392 3317 edd.
417 3261 465 3314 aot
489 3281 520 3326 ος
542 3265 652 3328 Tneopt.
674 3267 798 3328 undeet,
828 3269 896 3330 qnod
916 3269 1031 3330 caenanti
1047 3283 1122 3318 seren

165 3339 224 3380 ante
242 3331 367 3383 Iulianus
386 3331 511 3395 abundat,
529 3332 577 3384 nuc
593 3334 761 3386 reuocandum
778 3337 843 3384 crot-
912 3333 936 3396 ὓ)
951 3339 982 3388 nt
1000 3336 1028 3386 et
1044 3335 1122 3389 codd.

165 3398 206 3447 ed.
224 3397 274 3446 Kr.
291 3401 323 3446 ut
341 3398 380 3447 ed.
398 3396 472 3447 Scir.
