2492 3896
161 156 195 192 na
216 157 537 207 uassn1nnr„ousnns
556 158 705 195 innascere
723 157 905 195 nasnnunrun
922 143 973 207 ΙΙΙ,
993 147 1016 194 1.
1057 141 1114 204 101

160 297 303 355 heredibus
319 299 468 354 hereditas:
484 316 534 356 nec
545 300 679 355 curatoris
691 315 827 355 consensu
837 298 990 371 adquiritur
1000 298 1115 370 furioso,

159 382 206 438 sed
223 385 281 456 ipso
296 384 367 443 iure.
397 383 534 438 Interdum
550 392 650 453 autem,
665 383 730 439 lieet
745 384 771 439 in
788 390 924 456 potestate
940 383 1034 438 mortis
1050 391 1116 438 tem·
1133 389 1150 436 4

159 482 226 540 pore
240 483 306 522 suus
322 468 402 522 heres
417 483 472 522 non
489 467 556 536 luit,
579 475 668 522 tamen
688 483 754 522 suus
770 467 849 522 heres
869 468 974 542 parenti
989 464 1115 538 efficitur,

158 550 241 605 veluti
263 553 286 605 si
308 549 340 606 ah
361 550 486 606 hostibus
507 553 567 624 quis
588 566 712 606 reversus
728 550 809 606 luerit
824 559 887 624 post
902 559 1015 606 mortem
1030 551 1116 624 patris

158 635 215 690 sui:
230 636 272 690 ius
288 635 359 690 enirn
375 634 533 707 postliminii
548 634 601 690 hoc
616 634 687 691 lacit.
717 634 768 690 Per
782 635 945 691 contrarium
961 634 1059 704 evenit,
1074 641 1115 706 ut,
1133 639 1149 688 5

157 717 221 774 licet
237 720 298 791 quis
320 720 347 773 in
363 717 460 773 familia
476 717 594 774 defuncti
614 720 649 773 sit
671 719 766 773 mortis
782 726 918 790 tempore,
933 721 1028 774 'tamen
1050 734 1115 773 suus

158 802 236 858 heres
258 818 313 858 non
336 800 398 873 liat,
421 801 503 857 veluti
526 803 633 875 sipost
656 811 769 857 mortem
791 819 864 857 suam
887 809 964 874 pater
984 800 1116 857 iudicatus

157 885 240 942 luerit
262 903 326 941 reus
348 885 540 958 perduellionis
563 903 593 941 ac
614 902 663 960 per
690 886 743 941 hoc
764 886 892 941 memoria
913 886 972 940 eius
994 884 1115 940 damnata

157 969 257 1025 luerit:
278 986 356 1025 suum
372 971 443 1024 enim
459 969 585 1025 heredem
602 970 699 1026 hahere
715 987 769 1026 nou
789 977 897 1043 potest,
920 984 979 1024 cum
996 966 1076 1024 fiscus
1092 969 1116 1024 ei

157 1053 289 1110 succedit.
327 1052 374 1108 sed
391 1060 482 1127 potest
496 1052 562 1123 dici,
586 1055 644 1127 ipso
659 1056 717 1109 iure
733 1069 793 1109 esse
813 1069 891 1108 suum
905 1050 1048 1122 heredem,
1069 1052 1116 1108 sed

157 1136 291 1194 desinere.
331 1131 412 1191 ¹Cum
433 1135 502 1192 lilius
523 1135 609 1192 filiave
625 1145 700 1193 etex
715 1137 800 1193 altero
822 1134 878 1193 lilio
894 1152 979 1209 nepos
995 1137 1115 1209 neptisve
1133 1142 1148 1190 6

157 1229 264 1292 extant,
287 1222 388 1294 pariter
408 1220 441 1274 ad
462 1221 635 1276 hereditatem
656 1228 787 1277 vocantur
800 1238 851 1277 nec
865 1221 910 1294 qui
925 1219 1011 1294 gradu
1025 1220 1115 1293 proxi-

157 1306 228 1360 mior
243 1314 300 1376 est,
318 1305 474 1360 ulteriorem
491 1303 621 1360 excludit:
639 1320 752 1377 aequum
769 1307 839 1360 enim
855 1320 915 1360 esse
931 1305 1049 1373 videtur,
1070 1320 1116 1358 ne·

157 1397 238 1461 potes
253 1397 403 1462 neptesque
418 1389 445 1443 in
461 1389 543 1460 patris
559 1389 600 1442 sui
615 1388 703 1444 locum
715 1388 869 1445 succedere.
898 1389 956 1461 pari
970 1389 1073 1442 ratione
1088 1393 1116 1442 et

158 1475 180 1527 sl
202 1489 287 1546 nepos
307 1473 451 1545 neptisque
471 1473 507 1526 sit
526 1488 558 1526 ex
580 1469 635 1527 filio
657 1479 684 1526 et
708 1487 739 1525 ex
754 1479 853 1544 nepote
868 1486 1003 1543 pronepos
1019 1486 1116 1542 prone-

157 1558 262 1630 ptisve,
286 1556 365 1611 simul
380 1563 520 1611 vocantur.
552 1562 579 1610 et
602 1557 664 1627 quia
684 1554 799 1627 placuit,
821 1561 934 1626 nepotes
956 1560 1114 1627 neptesque,

157 1641 223 1696 item
240 1647 404 1713 pronepotes
419 1640 656 1712 proneptesquein
668 1639 786 1711 parentis
801 1640 843 1693 sui
858 1639 946 1694 locum
962 1637 1115 1706 succedere,

158 1725 323 1781 conveniens
338 1739 398 1778 esse
414 1724 498 1778 visum
514 1731 571 1792 est,
592 1739 646 1777 non
661 1724 688 1777 iu
703 1723 804 1795 capita,
821 1722 909 1777 sedin
924 1723 1023 1795 stirpes
1038 1722 1115 1776 here·

158 1807 270 1863 ditatem
285 1806 381 1877 dividi,
403 1814 434 1861 ut
454 1803 525 1861 lilius
540 1815 644 1880 partem
658 1806 792 1862 dimidiam
808 1806 964 1862 hereditatis
980 1804 1074 1862 haheat
1089 1813 1116 1860 et
1211 1831 1212 1835 ,

158 1908 190 1947 ex
205 1891 292 1947 altero
309 1889 364 1946 lilio
380 1889 434 1945 duo
449 1889 572 1964 pluresve
587 1898 700 1962 nepotes
716 1890 825 1946 alteram
841 1889 983 1945 dimidium.
1013 1891 1077 1945 item
1093 1890 1115 1943 sl

158 1991 191 2030 ex
207 1974 314 2030 duobus
331 1973 391 2028 filiis
403 1982 517 2045 nepotes
533 1982 625 2029 extant
635 1982 662 2029 et
673 1990 705 2028 ex
717 1973 802 2030 altero
819 1991 888 2029 unus
904 1973 975 2028 iorte
991 1982 1036 2028 ant
1052 1972 1115 2042 duo,

158 2076 191 2115 ex
214 2058 301 2114 altero
325 2066 379 2113 tres
400 2066 447 2112 aut
467 2066 609 2132 quattuor,
632 2056 663 2111 ad
686 2074 770 2112 unum
790 2065 835 2112 aut
850 2056 919 2111 duos
933 2055 1039 2111 dimidia
1054 2072 1115 2127 pars

157 2143 292 2216 pertinet,
316 2141 347 2195 ad
362 2150 418 2197 tres
439 2140 480 2197 vel
502 2142 534 2196 ad
554 2149 683 2213 quattuor
697 2141 780 2196 altera
794 2139 909 2194 dimidia.
940 2138 1005 2194 Cum
1027 2145 1148 2194 antemi

159 2227 317 2301 quaeritur,
340 2241 372 2280 an
395 2226 456 2297 quis
479 2242 544 2280 suus
567 2224 644 2280 heres
667 2226 780 2280 existere
801 2230 908 2297 potest:
940 2238 971 2277 eo
994 2231 1117 2294 tempore

159 2308 343 2384 quaerendum
358 2317 414 2379 est,
433 2324 487 2379 quo
502 2317 605 2364 eertum
621 2316 674 2378 est,
689 2308 803 2380 aliquem
820 2308 878 2362 sine
893 2313 1055 2364 testamento
1071 2305 1117 2361 de·

160 2393 291 2451 cessisse:
311 2391 384 2464 quod
400 2391 495 2448 accidit
511 2401 538 2448 et
553 2393 682 2448 destituto
703 2399 877 2448 testamento.
914 2392 963 2447 hac
977 2393 1080 2447 ratione
1095 2391 1117 2446 si

159 2477 234 2533 filius
250 2477 427 2532 exheredatus
444 2477 523 2531 luerit
538 2485 565 2532 et
580 2485 721 2532 extraneus
738 2475 815 2532 heres
830 2477 969 2531 institutus
986 2484 1045 2544 est,
1060 2474 1116 2530 filio

159 2568 271 2618 mortuo
293 2569 388 2632 postea
410 2567 512 2615 certum
535 2560 632 2631 luerit,
660 2559 784 2616 heredem
806 2561 960 2615 institutum
982 2576 1014 2614 ex
1037 2567 1117 2615 testa·

159 2653 254 2701 mento
269 2659 324 2698 non
343 2643 401 2698 lieri
422 2643 562 2713 heredem,
586 2651 633 2698 aut
647 2645 709 2716 quia
724 2644 811 2699 noluit
827 2660 886 2699 esse
902 2644 978 2698 heres
995 2651 1040 2697 aut
1056 2643 1119 2714 quia

160 2746 217 2785 non
233 2728 336 2802 potnit:
359 2743 443 2801 nepos
464 2744 512 2782 avo
532 2744 596 2783 suus
617 2728 706 2783 heres'
718 2730 830 2795 existet,
850 2727 910 2799 quia
926 2742 980 2799 quo
996 2735 1118 2799 tempore

160 2820 267 2869 certum
282 2820 334 2881 est,
349 2812 507 2866 intestatum
523 2812 671 2867 decessisse
682 2809 910 2884 patremfamilias,
926 2809 1001 2864 solus
1017 2810 1117 2864 inveni·

161 2905 208 2952 tur
229 2911 324 2968 nepos.
360 2889 402 2969 [et
418 2894 469 2950 hoo
483 2904 587 2950 certum
602 2888 683 2970 est.]²
720 2893 751 2948 ht
773 2893 836 2948 licet
857 2901 920 2965 post
941 2900 1055 2947 mortem
1078 2895 1117 2949 avi
1135 2901 1150 2948 8

161 2988 241 3035 natus
256 2981 303 3048 sit,
318 2987 407 3034 tumen
419 2994 467 3033 avo
479 2979 537 3034 vivo
550 2986 708 3052 conceptus,
723 2984 831 3032 mortuo
846 2984 923 3048 patre
939 2978 996 3032 eius
1010 2985 1117 3049 postea·

231 3206 252 3273 ¹)
269 3209 328 3270 sere
344 3227 379 3252 =
397 3209 452 3260 Goi.
471 3211 500 3270 3,
521 3211 543 3258 7.
562 3211 586 3259 o.
690 3205 710 3270 ²)
729 3212 756 3256 et
774 3206 826 3256 hoc
850 3211 954 3257 certum
976 3213 1017 3258 est
1035 3223 1119 3258 omnes

164 3278 238 3327 codd.
255 3284 281 3327 et
298 3278 358 3329 edd.
374 3271 423 3326 sed
440 3277 502 3325 haec
519 3275 595 3326 cerba
613 3277 676 3325 satis
693 3277 780 3338 inepta
802 3282 827 3324 et
848 3275 983 3338 Theophilo
1000 3277 1119 3341 iquorato

162 3345 287 3409 glossema
310 3345 427 3394 uidentur
448 3347 574 3405 notantis,
598 3345 672 3392 etiam
693 3343 740 3392 hoc
762 3349 856 3392 certum
873 3358 942 3406 esse,
965 3351 1024 3393 tune
1040 3347 1119 3394 solum

163 3413 272 3462 inueniri
287 3418 410 3475 nepotem.
428 3422 489 3476 erpo
506 3412 602 3460 uncinis
619 3411 714 3459 inclusi.
